# initial holdings -- begin
account,email,owner,marketplace,session,cash,Security 361,Security 468,Security 489,Security 532
choice-moving,Surfer1@bmm,4839,325,6173,800,0,4,0,4
choice-moving,Surfer2@bmm,4840,325,6173,800,4,0,4,0
choice-moving,Surfer3@bmm,4841,325,6173,800,0,4,0,4
choice-moving,Surfer4@bmm,4842,325,6173,800,4,0,4,0
choice-moving,Surfer5@bmm,4843,325,6173,800,0,4,0,4
choice-moving,Surfer6@bmm,4844,325,6173,800,4,0,4,0
choice-moving,Surfer7@bmm,4845,325,6173,800,0,4,0,4
choice-moving,Surfer8@bmm,4846,325,6173,800,4,0,4,0
choice-moving,Surfer9@bmm,4847,325,6173,800,0,4,0,4
choice-moving,Surfer10@bmm,4848,325,6173,800,4,0,4,0
choice-moving,Surfer11@bmm,4849,325,6173,800,0,4,0,4
choice-moving,Surfer12@bmm,4850,325,6173,800,4,0,4,0
choice-moving,Surfer13@bmm,4851,325,6173,800,0,4,0,4
choice-moving,Surfer14@bmm,4852,325,6173,800,4,0,4,0
choice-moving,Surfer15@bmm,4853,325,6173,800,0,4,0,4
choice-moving,Surfer16@bmm,4854,325,6173,800,4,0,4,0
choice-moving,Surfer17@bmm,4855,325,6173,800,0,4,0,4
choice-moving,Surfer18@bmm,4856,325,6173,800,4,0,4,0
choice-moving,Surfer19@bmm,4857,325,6173,800,0,4,0,4
choice-moving,Surfer20@bmm,4858,325,6173,800,4,0,4,0
choice-moving,Surfer21@bmm,4859,325,6173,800,0,4,0,4
choice-moving,Surfer22@bmm,4860,325,6173,800,4,0,4,0
choice-moving,Surfer23@bmm,4954,325,6173,800,0,4,0,4
choice-moving,Surfer24@bmm,4955,325,6173,800,4,0,4,0
choice-moving,Surfer25@bmm,4956,325,6173,800,0,4,0,4
# initial holdings -- end



# orders -- begin
account,email,owner,marketplace,session,period,market,target,order,original,supplier,consumer,type,side,units,price,createdDate,lastModifiedDate
choice-moving,Surfer14@bmm,4852,325,6173,6173,651,NULL,1011670,1011670,1011670,1011722,LIMIT,BUY,1,45,2018-08-14T05:01:11.349,2018-08-14T05:02:12.640
choice-moving,Surfer15@bmm,4853,325,6173,6173,651,NULL,1011671,1011671,1011671,0,LIMIT,SELL,4,100,2018-08-14T05:01:11.722,2018-08-14T05:01:19.207
choice-moving,Surfer12@bmm,4850,325,6173,6173,650,NULL,1011672,1011672,1011672,1011697,LIMIT,BUY,1,100,2018-08-14T05:01:12.365,2018-08-14T05:01:32.156
choice-moving,Surfer7@bmm,4845,325,6173,6173,650,NULL,1011673,1011673,1011673,1011970,LIMIT,BUY,1,79,2018-08-14T05:01:12.423,2018-08-14T05:05:31.436
choice-moving,Surfer12@bmm,4850,325,6173,6173,650,NULL,1011674,1011674,1011674,1011699,LIMIT,BUY,1,100,2018-08-14T05:01:12.604,2018-08-14T05:01:33.570
choice-moving,Surfer7@bmm,4845,325,6173,6173,650,NULL,1011675,1011675,1011675,1011966,LIMIT,BUY,1,79,2018-08-14T05:01:12.783,2018-08-14T05:05:30.705
choice-moving,Surfer14@bmm,4852,325,6173,6173,651,NULL,1011676,1011676,1011676,1011717,LIMIT,BUY,1,45,2018-08-14T05:01:12.830,2018-08-14T05:02:09.260
choice-moving,Surfer12@bmm,4850,325,6173,6173,650,NULL,1011677,1011677,1011677,1011701,LIMIT,BUY,1,100,2018-08-14T05:01:12.960,2018-08-14T05:01:34.359
choice-moving,Surfer11@bmm,4849,325,6173,6173,653,NULL,1011678,1011678,1011678,1011765,LIMIT,SELL,1,88,2018-08-14T05:01:13.308,2018-08-14T05:02:52.178
choice-moving,Surfer12@bmm,4850,325,6173,6173,650,NULL,1011679,1011679,1011679,1011703,LIMIT,BUY,1,100,2018-08-14T05:01:13.694,2018-08-14T05:01:35.144
choice-moving,Surfer15@bmm,4853,325,6173,6173,653,NULL,1011680,1011680,1011680,1011769,LIMIT,SELL,4,100,2018-08-14T05:01:17.934,2018-08-14T05:02:56.116
choice-moving,Surfer12@bmm,4850,325,6173,6173,651,NULL,1011681,1011681,1011681,1011682,LIMIT,BUY,1,100,2018-08-14T05:01:19.199,2018-08-14T05:01:19.207
choice-moving,Surfer15@bmm,4853,325,6173,6173,651,NULL,1011682,1011671,1011671,1011681,LIMIT,SELL,1,100,2018-08-14T05:01:19.204,2018-08-14T05:01:19.208
choice-moving,Surfer15@bmm,4853,325,6173,6173,651,NULL,1011683,1011671,1011671,0,LIMIT,SELL,3,100,2018-08-14T05:01:11.722,2018-08-14T05:01:19.856
choice-moving,Surfer18@bmm,4856,325,6173,6173,651,NULL,1011684,1011684,1011684,1011685,LIMIT,BUY,1,100,2018-08-14T05:01:19.848,2018-08-14T05:01:19.856
choice-moving,Surfer15@bmm,4853,325,6173,6173,651,NULL,1011685,1011671,1011683,1011684,LIMIT,SELL,1,100,2018-08-14T05:01:19.852,2018-08-14T05:01:19.856
choice-moving,Surfer15@bmm,4853,325,6173,6173,651,NULL,1011686,1011671,1011683,0,LIMIT,SELL,2,100,2018-08-14T05:01:11.722,2018-08-14T05:01:20.618
choice-moving,Surfer12@bmm,4850,325,6173,6173,651,NULL,1011687,1011687,1011687,1011688,LIMIT,BUY,1,100,2018-08-14T05:01:20.607,2018-08-14T05:01:20.618
choice-moving,Surfer15@bmm,4853,325,6173,6173,651,NULL,1011688,1011671,1011686,1011687,LIMIT,SELL,1,100,2018-08-14T05:01:20.614,2018-08-14T05:01:20.619
choice-moving,Surfer15@bmm,4853,325,6173,6173,651,NULL,1011689,1011671,1011686,1011690,LIMIT,SELL,1,100,2018-08-14T05:01:11.722,2018-08-14T05:01:20.640
choice-moving,Surfer18@bmm,4856,325,6173,6173,651,NULL,1011690,1011690,1011690,1011689,LIMIT,BUY,1,100,2018-08-14T05:01:20.636,2018-08-14T05:01:20.640
choice-moving,Surfer5@bmm,4843,325,6173,6173,650,NULL,1011691,1011691,1011691,NULL,LIMIT,BUY,1,85,2018-08-14T05:01:20.771,2018-08-14T05:01:20.772
choice-moving,Surfer18@bmm,4856,325,6173,6173,651,NULL,1011692,1011692,1011692,1011724,LIMIT,BUY,1,100,2018-08-14T05:01:21.191,2018-08-14T05:02:16.409
choice-moving,Surfer13@bmm,4851,325,6173,6173,650,NULL,1011693,1011693,1011693,1012077,LIMIT,BUY,3,93,2018-08-14T05:01:21.380,2018-08-14T05:07:26.428
choice-moving,Surfer14@bmm,4852,325,6173,6173,652,NULL,1011694,1011694,1011694,1011707,LIMIT,BUY,1,22,2018-08-14T05:01:21.529,2018-08-14T05:01:49.328
choice-moving,Surfer12@bmm,4850,325,6173,6173,651,NULL,1011695,1011695,1011695,1011725,LIMIT,BUY,1,100,2018-08-14T05:01:22.205,2018-08-14T05:02:17.418
choice-moving,Surfer16@bmm,4854,325,6173,6173,650,NULL,1011696,1011696,1011696,0,LIMIT,SELL,1,1,2018-08-14T05:01:32.149,2018-08-14T05:01:32.156
choice-moving,Surfer16@bmm,4854,325,6173,6173,650,NULL,1011697,1011696,1011696,1011672,LIMIT,SELL,1,100,2018-08-14T05:01:32.154,2018-08-14T05:01:32.156
choice-moving,Surfer16@bmm,4854,325,6173,6173,650,NULL,1011698,1011698,1011698,0,LIMIT,SELL,1,1,2018-08-14T05:01:33.562,2018-08-14T05:01:33.570
choice-moving,Surfer16@bmm,4854,325,6173,6173,650,NULL,1011699,1011698,1011698,1011674,LIMIT,SELL,1,100,2018-08-14T05:01:33.568,2018-08-14T05:01:33.570
choice-moving,Surfer16@bmm,4854,325,6173,6173,650,NULL,1011700,1011700,1011700,0,LIMIT,SELL,1,1,2018-08-14T05:01:34.351,2018-08-14T05:01:34.359
choice-moving,Surfer16@bmm,4854,325,6173,6173,650,NULL,1011701,1011700,1011700,1011677,LIMIT,SELL,1,100,2018-08-14T05:01:34.357,2018-08-14T05:01:34.359
choice-moving,Surfer16@bmm,4854,325,6173,6173,650,NULL,1011702,1011702,1011702,0,LIMIT,SELL,1,1,2018-08-14T05:01:35.138,2018-08-14T05:01:35.144
choice-moving,Surfer16@bmm,4854,325,6173,6173,650,NULL,1011703,1011702,1011702,1011679,LIMIT,SELL,1,100,2018-08-14T05:01:35.142,2018-08-14T05:01:35.144
choice-moving,Surfer13@bmm,4851,325,6173,6173,653,NULL,1011704,1011704,1011704,1011714,LIMIT,SELL,2,97,2018-08-14T05:01:38.919,2018-08-14T05:02:04.987
choice-moving,Surfer7@bmm,4845,325,6173,6173,653,NULL,1011705,1011705,1011705,1011713,LIMIT,SELL,1,50,2018-08-14T05:01:44.400,2018-08-14T05:02:04.874
choice-moving,Surfer16@bmm,4854,325,6173,6173,652,NULL,1011706,1011706,1011706,1011727,LIMIT,BUY,1,1,2018-08-14T05:01:49.001,2018-08-14T05:02:18.039
choice-moving,Surfer8@bmm,4846,325,6173,6173,652,NULL,1011707,1011707,1011707,1011694,LIMIT,SELL,1,22,2018-08-14T05:01:49.322,2018-08-14T05:01:49.327
choice-moving,Surfer13@bmm,4851,325,6173,6173,653,NULL,1011708,1011708,1011708,1012090,LIMIT,SELL,2,41,2018-08-14T05:01:51.487,2018-08-14T05:07:39.913
choice-moving,Surfer16@bmm,4854,325,6173,6173,652,NULL,1011709,1011709,1011709,1011737,LIMIT,BUY,1,1,2018-08-14T05:01:52.347,2018-08-14T05:02:28.089
choice-moving,Surfer18@bmm,4856,325,6173,6173,652,NULL,1011710,1011710,1011710,1011907,LIMIT,SELL,1,80,2018-08-14T05:01:56.603,2018-08-14T05:04:33.111
choice-moving,Surfer17@bmm,4855,325,6173,6173,653,NULL,1011711,1011711,1011711,1012018,LIMIT,SELL,3,33,2018-08-14T05:02:01.014,2018-08-14T05:06:10.449
choice-moving,Surfer10@bmm,4848,325,6173,6173,652,NULL,1011712,1011712,1011712,1011920,LIMIT,SELL,1,60,2018-08-14T05:02:02.932,2018-08-14T05:04:52.117
choice-moving,Surfer7@bmm,4845,325,6173,6173,653,NULL,1011713,1011705,1011705,1011705,CANCEL,SELL,1,50,2018-08-14T05:02:04.868,2018-08-14T05:02:04.874
choice-moving,Surfer13@bmm,4851,325,6173,6173,653,NULL,1011714,1011704,1011704,1011704,CANCEL,SELL,2,97,2018-08-14T05:02:04.983,2018-08-14T05:02:04.987
choice-moving,Surfer13@bmm,4851,325,6173,6173,653,NULL,1011715,1011715,1011715,0,LIMIT,SELL,2,18,2018-08-14T05:02:07.983,2018-08-14T05:02:32.234
choice-moving,Surfer2@bmm,4840,325,6173,6173,652,NULL,1011716,1011716,1011716,1011747,LIMIT,SELL,1,10,2018-08-14T05:02:08.170,2018-08-14T05:02:39.013
choice-moving,Surfer14@bmm,4852,325,6173,6173,651,NULL,1011717,1011676,1011676,1011676,CANCEL,BUY,1,45,2018-08-14T05:02:09.256,2018-08-14T05:02:09.260
choice-moving,Surfer7@bmm,4845,325,6173,6173,653,NULL,1011718,1011718,1011718,1011836,LIMIT,SELL,1,20,2018-08-14T05:02:10.398,2018-08-14T05:03:44.127
choice-moving,Surfer7@bmm,4845,325,6173,6173,653,NULL,1011719,1011719,1011719,1011834,LIMIT,SELL,1,20,2018-08-14T05:02:10.651,2018-08-14T05:03:43.174
choice-moving,Surfer7@bmm,4845,325,6173,6173,653,NULL,1011720,1011720,1011720,1011833,LIMIT,SELL,1,20,2018-08-14T05:02:10.921,2018-08-14T05:03:42.477
choice-moving,Surfer7@bmm,4845,325,6173,6173,653,NULL,1011721,1011721,1011721,1011832,LIMIT,SELL,1,20,2018-08-14T05:02:11.200,2018-08-14T05:03:41.616
choice-moving,Surfer14@bmm,4852,325,6173,6173,651,NULL,1011722,1011670,1011670,1011670,CANCEL,BUY,1,45,2018-08-14T05:02:12.636,2018-08-14T05:02:12.640
choice-moving,Surfer18@bmm,4856,325,6173,6173,652,NULL,1011723,1011723,1011723,1011930,LIMIT,SELL,1,51,2018-08-14T05:02:14.010,2018-08-14T05:04:57.224
choice-moving,Surfer1@bmm,4839,325,6173,6173,651,NULL,1011724,1011724,1011724,1011692,LIMIT,SELL,1,100,2018-08-14T05:02:16.404,2018-08-14T05:02:16.409
choice-moving,Surfer7@bmm,4845,325,6173,6173,651,NULL,1011725,1011725,1011725,1011695,LIMIT,SELL,1,100,2018-08-14T05:02:17.412,2018-08-14T05:02:17.418
choice-moving,Surfer3@bmm,4841,325,6173,6173,653,NULL,1011726,1011726,1011726,1011740,LIMIT,SELL,1,1,2018-08-14T05:02:17.832,2018-08-14T05:02:32.234
choice-moving,Surfer2@bmm,4840,325,6173,6173,652,NULL,1011727,1011727,1011727,1011706,LIMIT,SELL,1,1,2018-08-14T05:02:18.033,2018-08-14T05:02:18.038
choice-moving,Surfer14@bmm,4852,325,6173,6173,651,NULL,1011728,1011728,1011728,1011729,LIMIT,BUY,1,100,2018-08-14T05:02:18.086,2018-08-14T05:02:19.321
choice-moving,Surfer7@bmm,4845,325,6173,6173,651,NULL,1011729,1011729,1011729,1011728,LIMIT,SELL,1,100,2018-08-14T05:02:19.317,2018-08-14T05:02:19.321
choice-moving,Surfer18@bmm,4856,325,6173,6173,652,NULL,1011730,1011730,1011730,1011860,LIMIT,SELL,1,12,2018-08-14T05:02:19.799,2018-08-14T05:03:51.670
choice-moving,Surfer17@bmm,4855,325,6173,6173,651,NULL,1011731,1011731,1011731,0,LIMIT,SELL,2,100,2018-08-14T05:02:20.074,2018-08-14T05:02:27.184
choice-moving,Surfer19@bmm,4857,325,6173,6173,653,NULL,1011732,1011732,1011732,1012076,LIMIT,SELL,4,100,2018-08-14T05:02:20.790,2018-08-14T05:07:25.752
choice-moving,Surfer5@bmm,4843,325,6173,6173,653,NULL,1011733,1011733,1011733,NULL,LIMIT,SELL,1,85,2018-08-14T05:02:23.494,2018-08-14T05:02:23.496
choice-moving,Surfer12@bmm,4850,325,6173,6173,651,NULL,1011734,1011734,1011734,1011735,LIMIT,BUY,1,100,2018-08-14T05:02:27.176,2018-08-14T05:02:27.184
choice-moving,Surfer17@bmm,4855,325,6173,6173,651,NULL,1011735,1011731,1011731,1011734,LIMIT,SELL,1,100,2018-08-14T05:02:27.180,2018-08-14T05:02:27.184
choice-moving,Surfer17@bmm,4855,325,6173,6173,651,NULL,1011736,1011731,1011731,1011909,LIMIT,SELL,1,100,2018-08-14T05:02:20.074,2018-08-14T05:04:39.216
choice-moving,Surfer6@bmm,4844,325,6173,6173,652,NULL,1011737,1011737,1011737,1011709,LIMIT,SELL,1,1,2018-08-14T05:02:28.085,2018-08-14T05:02:28.089
choice-moving,Surfer4@bmm,4842,325,6173,6173,652,NULL,1011738,1011738,1011738,0,LIMIT,SELL,4,9,2018-08-14T05:02:32.039,2018-08-14T05:02:45.865
choice-moving,Surfer14@bmm,4852,325,6173,6173,653,NULL,1011739,1011739,1011739,0,LIMIT,BUY,2,30,2018-08-14T05:02:32.221,2018-08-14T05:02:32.234
choice-moving,Surfer14@bmm,4852,325,6173,6173,653,NULL,1011740,1011739,1011739,1011726,LIMIT,BUY,1,1,2018-08-14T05:02:32.226,2018-08-14T05:02:32.234
choice-moving,Surfer14@bmm,4852,325,6173,6173,653,NULL,1011741,1011739,1011739,1011742,LIMIT,BUY,1,18,2018-08-14T05:02:32.229,2018-08-14T05:02:32.234
choice-moving,Surfer13@bmm,4851,325,6173,6173,653,NULL,1011742,1011715,1011715,1011741,LIMIT,SELL,1,18,2018-08-14T05:02:32.230,2018-08-14T05:02:32.234
choice-moving,Surfer13@bmm,4851,325,6173,6173,653,NULL,1011743,1011715,1011715,1012083,LIMIT,SELL,1,18,2018-08-14T05:02:07.983,2018-08-14T05:07:32.046
choice-moving,Surfer17@bmm,4855,325,6173,6173,651,NULL,1011744,1011744,1011744,1011864,LIMIT,SELL,2,100,2018-08-14T05:02:34.105,2018-08-14T05:03:53.158
choice-moving,Surfer19@bmm,4857,325,6173,6173,651,NULL,1011745,1011745,1011745,1011999,LIMIT,SELL,4,100,2018-08-14T05:02:34.729,2018-08-14T05:05:47.419
choice-moving,Surfer2@bmm,4840,325,6173,6173,652,NULL,1011746,1011746,1011746,1011756,LIMIT,SELL,1,7,2018-08-14T05:02:35.113,2018-08-14T05:02:45.855
choice-moving,Surfer2@bmm,4840,325,6173,6173,652,NULL,1011747,1011716,1011716,1011716,CANCEL,SELL,1,10,2018-08-14T05:02:39.009,2018-08-14T05:02:39.013
choice-moving,Surfer16@bmm,4854,325,6173,6173,651,NULL,1011748,1011748,1011748,1011953,LIMIT,BUY,1,1,2018-08-14T05:02:39.131,2018-08-14T05:05:20.801
choice-moving,Surfer1@bmm,4839,325,6173,6173,650,NULL,1011749,1011749,1011749,NULL,LIMIT,BUY,1,85,2018-08-14T05:02:41.126,2018-08-14T05:02:41.128
choice-moving,Surfer14@bmm,4852,325,6173,6173,650,NULL,1011750,1011750,1011750,1011764,LIMIT,SELL,1,100,2018-08-14T05:02:41.562,2018-08-14T05:02:48.923
choice-moving,Surfer3@bmm,4841,325,6173,6173,651,NULL,1011751,1011751,1011751,1011811,LIMIT,SELL,1,64,2018-08-14T05:02:42.832,2018-08-14T05:03:31.675
choice-moving,Surfer8@bmm,4846,325,6173,6173,650,NULL,1011752,1011752,1011752,NULL,LIMIT,BUY,1,5,2018-08-14T05:02:43.565,2018-08-14T05:02:43.567
choice-moving,Surfer16@bmm,4854,325,6173,6173,651,NULL,1011753,1011753,1011753,1011965,LIMIT,BUY,1,1,2018-08-14T05:02:43.944,2018-08-14T05:05:29.358
choice-moving,Surfer16@bmm,4854,325,6173,6173,651,NULL,1011754,1011754,1011754,1011971,LIMIT,BUY,1,1,2018-08-14T05:02:44.857,2018-08-14T05:05:31.623
choice-moving,Surfer4@bmm,4842,325,6173,6173,652,NULL,1011755,1011755,1011755,0,LIMIT,BUY,4,9,2018-08-14T05:02:45.845,2018-08-14T05:02:45.855
choice-moving,Surfer4@bmm,4842,325,6173,6173,652,NULL,1011756,1011755,1011755,1011746,LIMIT,BUY,1,7,2018-08-14T05:02:45.849,2018-08-14T05:02:45.855
choice-moving,Surfer4@bmm,4842,325,6173,6173,652,NULL,1011757,1011755,1011755,1011758,LIMIT,BUY,3,9,2018-08-14T05:02:45.852,2018-08-14T05:02:45.856
choice-moving,Surfer4@bmm,4842,325,6173,6173,652,NULL,1011758,1011738,1011738,1011757,LIMIT,SELL,3,9,2018-08-14T05:02:45.853,2018-08-14T05:02:45.856
choice-moving,Surfer4@bmm,4842,325,6173,6173,652,NULL,1011759,1011738,1011738,1011790,LIMIT,SELL,1,9,2018-08-14T05:02:32.039,2018-08-14T05:03:18.819
choice-moving,Surfer16@bmm,4854,325,6173,6173,651,NULL,1011760,1011760,1011760,1011974,LIMIT,BUY,1,1,2018-08-14T05:02:46.232,2018-08-14T05:05:32.856
choice-moving,Surfer18@bmm,4856,325,6173,6173,651,NULL,1011761,1011761,1011761,1011829,LIMIT,SELL,1,82,2018-08-14T05:02:46.873,2018-08-14T05:03:39.588
choice-moving,Surfer16@bmm,4854,325,6173,6173,651,NULL,1011762,1011762,1011762,1011975,LIMIT,BUY,1,1,2018-08-14T05:02:48.745,2018-08-14T05:05:33.275
choice-moving,Surfer4@bmm,4842,325,6173,6173,650,NULL,1011763,1011763,1011763,1011767,LIMIT,BUY,1,0,2018-08-14T05:02:48.749,2018-08-14T05:02:53.118
choice-moving,Surfer19@bmm,4857,325,6173,6173,650,NULL,1011764,1011764,1011764,1011750,LIMIT,BUY,1,100,2018-08-14T05:02:48.858,2018-08-14T05:02:48.922
choice-moving,Surfer11@bmm,4849,325,6173,6173,653,NULL,1011765,1011678,1011678,1011678,CANCEL,SELL,1,88,2018-08-14T05:02:52.173,2018-08-14T05:02:52.177
choice-moving,Surfer2@bmm,4840,325,6173,6173,652,NULL,1011766,1011766,1011766,1011819,LIMIT,SELL,1,7,2018-08-14T05:02:52.528,2018-08-14T05:03:33.979
choice-moving,Surfer4@bmm,4842,325,6173,6173,650,NULL,1011767,1011763,1011763,1011763,CANCEL,BUY,1,0,2018-08-14T05:02:53.113,2018-08-14T05:02:53.118
choice-moving,Surfer12@bmm,4850,325,6173,6173,652,NULL,1011768,1011768,1011768,0,LIMIT,SELL,4,1,2018-08-14T05:02:54.976,2018-08-14T05:03:31.360
choice-moving,Surfer15@bmm,4853,325,6173,6173,653,NULL,1011769,1011680,1011680,1011680,CANCEL,SELL,4,100,2018-08-14T05:02:56.112,2018-08-14T05:02:56.116
choice-moving,Surfer8@bmm,4846,325,6173,6173,651,NULL,1011770,1011770,1011770,1011949,LIMIT,BUY,1,2,2018-08-14T05:02:57.344,2018-08-14T05:05:17.935
choice-moving,Surfer7@bmm,4845,325,6173,6173,650,NULL,1011771,1011771,1011771,1011973,LIMIT,BUY,1,95,2018-08-14T05:02:57.831,2018-08-14T05:05:32.635
choice-moving,Surfer1@bmm,4839,325,6173,6173,651,NULL,1011772,1011772,1011772,1011821,LIMIT,SELL,1,68,2018-08-14T05:02:58.112,2018-08-14T05:03:35.212
choice-moving,Surfer4@bmm,4842,325,6173,6173,650,NULL,1011773,1011773,1011773,0,LIMIT,BUY,3,100,2018-08-14T05:03:00.429,2018-08-14T05:04:24.981
choice-moving,Surfer16@bmm,4854,325,6173,6173,652,NULL,1011774,1011774,1011774,1011784,LIMIT,SELL,1,1,2018-08-14T05:03:01.482,2018-08-14T05:03:12.683
choice-moving,Surfer3@bmm,4841,325,6173,6173,651,NULL,1011775,1011775,1011775,1011783,LIMIT,SELL,1,15,2018-08-14T05:03:02.815,2018-08-14T05:03:10.731
choice-moving,Surfer5@bmm,4843,325,6173,6173,653,NULL,1011776,1011776,1011776,NULL,LIMIT,SELL,1,28,2018-08-14T05:03:04.779,2018-08-14T05:03:04.781
choice-moving,Surfer15@bmm,4853,325,6173,6173,653,NULL,1011777,1011777,1011777,1011831,LIMIT,SELL,4,17,2018-08-14T05:03:05.632,2018-08-14T05:03:41.504
choice-moving,Surfer18@bmm,4856,325,6173,6173,651,NULL,1011778,1011778,1011778,1011801,LIMIT,SELL,1,59,2018-08-14T05:03:06.841,2018-08-14T05:03:26.179
choice-moving,Surfer1@bmm,4839,325,6173,6173,653,NULL,1011779,1011779,1011779,1012056,LIMIT,SELL,1,10,2018-08-14T05:03:07.020,2018-08-14T05:07:01.290
choice-moving,Surfer8@bmm,4846,325,6173,6173,651,NULL,1011780,1011780,1011780,1011781,LIMIT,BUY,1,14,2018-08-14T05:03:07.506,2018-08-14T05:03:09.622
choice-moving,Surfer8@bmm,4846,325,6173,6173,651,NULL,1011781,1011780,1011780,1011780,CANCEL,BUY,1,14,2018-08-14T05:03:09.618,2018-08-14T05:03:09.622
choice-moving,Surfer4@bmm,4842,325,6173,6173,650,NULL,1011782,1011782,1011782,0,LIMIT,BUY,4,100,2018-08-14T05:03:09.757,2018-08-14T05:04:59.766
choice-moving,Surfer8@bmm,4846,325,6173,6173,651,NULL,1011783,1011783,1011783,1011775,LIMIT,BUY,1,15,2018-08-14T05:03:10.727,2018-08-14T05:03:10.731
choice-moving,Surfer16@bmm,4854,325,6173,6173,652,NULL,1011784,1011774,1011774,1011774,CANCEL,SELL,1,1,2018-08-14T05:03:12.679,2018-08-14T05:03:12.683
choice-moving,Surfer3@bmm,4841,325,6173,6173,651,NULL,1011785,1011785,1011785,1011791,LIMIT,SELL,1,15,2018-08-14T05:03:13.280,2018-08-14T05:03:18.994
choice-moving,Surfer1@bmm,4839,325,6173,6173,653,NULL,1011786,1011786,1011786,NULL,LIMIT,SELL,1,9,2018-08-14T05:03:13.795,2018-08-14T05:03:13.797
choice-moving,Surfer11@bmm,4849,325,6173,6173,653,NULL,1011787,1011787,1011787,1011941,LIMIT,SELL,1,3,2018-08-14T05:03:15.095,2018-08-14T05:05:02.954
choice-moving,Surfer5@bmm,4843,325,6173,6173,653,NULL,1011788,1011788,1011788,NULL,LIMIT,SELL,1,23,2018-08-14T05:03:17.166,2018-08-14T05:03:17.168
choice-moving,Surfer17@bmm,4855,325,6173,6173,653,NULL,1011789,1011789,1011789,1011922,LIMIT,SELL,1,2,2018-08-14T05:03:17.958,2018-08-14T05:04:53.917
choice-moving,Surfer4@bmm,4842,325,6173,6173,652,NULL,1011790,1011738,1011738,1011759,CANCEL,SELL,1,9,2018-08-14T05:03:18.815,2018-08-14T05:03:18.819
choice-moving,Surfer8@bmm,4846,325,6173,6173,651,NULL,1011791,1011791,1011791,1011785,LIMIT,BUY,1,15,2018-08-14T05:03:18.990,2018-08-14T05:03:18.994
choice-moving,Surfer10@bmm,4848,325,6173,6173,652,NULL,1011792,1011792,1011792,1011820,LIMIT,SELL,1,1,2018-08-14T05:03:19.178,2018-08-14T05:03:34.310
choice-moving,Surfer16@bmm,4854,325,6173,6173,651,NULL,1011793,1011793,1011793,1011969,LIMIT,BUY,1,1,2018-08-14T05:03:19.283,2018-08-14T05:05:31.288
choice-moving,Surfer1@bmm,4839,325,6173,6173,653,NULL,1011794,1011794,1011794,1011910,LIMIT,SELL,1,15,2018-08-14T05:03:19.505,2018-08-14T05:04:40.723
choice-moving,Surfer16@bmm,4854,325,6173,6173,651,NULL,1011795,1011795,1011795,1011958,LIMIT,BUY,1,1,2018-08-14T05:03:20.602,2018-08-14T05:05:25.080
choice-moving,Surfer15@bmm,4853,325,6173,6173,650,NULL,1011796,1011796,1011796,1011804,LIMIT,BUY,1,99,2018-08-14T05:03:23.271,2018-08-14T05:03:27.677
choice-moving,Surfer9@bmm,4847,325,6173,6173,653,NULL,1011797,1011797,1011797,0,LIMIT,BUY,5,1,2018-08-14T05:03:23.823,2018-08-14T05:03:45.335
choice-moving,Surfer8@bmm,4846,325,6173,6173,651,NULL,1011798,1011798,1011798,1011805,LIMIT,BUY,1,56,2018-08-14T05:03:24.136,2018-08-14T05:03:27.689
choice-moving,Surfer14@bmm,4852,325,6173,6173,651,NULL,1011799,1011799,1011799,1011802,LIMIT,BUY,1,23,2018-08-14T05:03:24.692,2018-08-14T05:03:27.113
choice-moving,Surfer1@bmm,4839,325,6173,6173,653,NULL,1011800,1011800,1011800,1011940,LIMIT,SELL,1,2,2018-08-14T05:03:25.421,2018-08-14T05:05:02.953
choice-moving,Surfer8@bmm,4846,325,6173,6173,651,NULL,1011801,1011801,1011801,1011778,LIMIT,BUY,1,59,2018-08-14T05:03:26.173,2018-08-14T05:03:26.178
choice-moving,Surfer14@bmm,4852,325,6173,6173,651,NULL,1011802,1011799,1011799,1011799,CANCEL,BUY,1,23,2018-08-14T05:03:27.108,2018-08-14T05:03:27.113
choice-moving,Surfer2@bmm,4840,325,6173,6173,651,NULL,1011803,1011803,1011803,1011865,LIMIT,BUY,1,34,2018-08-14T05:03:27.606,2018-08-14T05:03:53.848
choice-moving,Surfer15@bmm,4853,325,6173,6173,650,NULL,1011804,1011796,1011796,1011796,CANCEL,BUY,1,99,2018-08-14T05:03:27.671,2018-08-14T05:03:27.676
choice-moving,Surfer8@bmm,4846,325,6173,6173,651,NULL,1011805,1011798,1011798,1011798,CANCEL,BUY,1,56,2018-08-14T05:03:27.682,2018-08-14T05:03:27.689
choice-moving,Surfer14@bmm,4852,325,6173,6173,651,NULL,1011806,1011806,1011806,1011872,LIMIT,BUY,1,44,2018-08-14T05:03:30.889,2018-08-14T05:04:00.057
choice-moving,Surfer4@bmm,4842,325,6173,6173,652,NULL,1011807,1011807,1011807,1011842,LIMIT,SELL,1,6,2018-08-14T05:03:30.940,2018-08-14T05:03:47.204
choice-moving,Surfer16@bmm,4854,325,6173,6173,652,NULL,1011808,1011808,1011808,1011809,LIMIT,BUY,1,1,2018-08-14T05:03:31.353,2018-08-14T05:03:31.360
choice-moving,Surfer12@bmm,4850,325,6173,6173,652,NULL,1011809,1011768,1011768,1011808,LIMIT,SELL,1,1,2018-08-14T05:03:31.357,2018-08-14T05:03:31.361
choice-moving,Surfer12@bmm,4850,325,6173,6173,652,NULL,1011810,1011768,1011768,0,LIMIT,SELL,3,1,2018-08-14T05:02:54.976,2018-08-14T05:03:32.507
choice-moving,Surfer8@bmm,4846,325,6173,6173,651,NULL,1011811,1011811,1011811,1011751,LIMIT,BUY,1,64,2018-08-14T05:03:31.670,2018-08-14T05:03:31.674
choice-moving,Surfer16@bmm,4854,325,6173,6173,652,NULL,1011812,1011812,1011812,1011813,LIMIT,BUY,1,1,2018-08-14T05:03:32.500,2018-08-14T05:03:32.507
choice-moving,Surfer12@bmm,4850,325,6173,6173,652,NULL,1011813,1011768,1011810,1011812,LIMIT,SELL,1,1,2018-08-14T05:03:32.504,2018-08-14T05:03:32.507
choice-moving,Surfer12@bmm,4850,325,6173,6173,652,NULL,1011814,1011768,1011810,0,LIMIT,SELL,2,1,2018-08-14T05:02:54.976,2018-08-14T05:03:33.431
choice-moving,Surfer16@bmm,4854,325,6173,6173,652,NULL,1011815,1011815,1011815,1011816,LIMIT,BUY,1,1,2018-08-14T05:03:33.424,2018-08-14T05:03:33.431
choice-moving,Surfer12@bmm,4850,325,6173,6173,652,NULL,1011816,1011768,1011814,1011815,LIMIT,SELL,1,1,2018-08-14T05:03:33.428,2018-08-14T05:03:33.431
choice-moving,Surfer12@bmm,4850,325,6173,6173,652,NULL,1011817,1011768,1011814,1011818,LIMIT,SELL,1,1,2018-08-14T05:02:54.976,2018-08-14T05:03:33.828
choice-moving,Surfer16@bmm,4854,325,6173,6173,652,NULL,1011818,1011818,1011818,1011817,LIMIT,BUY,1,1,2018-08-14T05:03:33.824,2018-08-14T05:03:33.828
choice-moving,Surfer2@bmm,4840,325,6173,6173,652,NULL,1011819,1011766,1011766,1011766,CANCEL,SELL,1,7,2018-08-14T05:03:33.975,2018-08-14T05:03:33.978
choice-moving,Surfer16@bmm,4854,325,6173,6173,652,NULL,1011820,1011820,1011820,1011792,LIMIT,BUY,1,1,2018-08-14T05:03:34.305,2018-08-14T05:03:34.310
choice-moving,Surfer8@bmm,4846,325,6173,6173,651,NULL,1011821,1011821,1011821,1011772,LIMIT,BUY,1,68,2018-08-14T05:03:35.206,2018-08-14T05:03:35.212
choice-moving,Surfer16@bmm,4854,325,6173,6173,652,NULL,1011822,1011822,1011822,1011827,LIMIT,BUY,1,1,2018-08-14T05:03:35.613,2018-08-14T05:03:38.339
choice-moving,Surfer4@bmm,4842,325,6173,6173,652,NULL,1011823,1011823,1011823,0,LIMIT,SELL,3,6,2018-08-14T05:03:35.986,2018-08-14T05:03:47.944
choice-moving,Surfer16@bmm,4854,325,6173,6173,652,NULL,1011824,1011824,1011824,1011826,LIMIT,BUY,1,1,2018-08-14T05:03:36.089,2018-08-14T05:03:37.676
choice-moving,Surfer19@bmm,4857,325,6173,6173,650,NULL,1011825,1011825,1011825,NULL,LIMIT,BUY,7,100,2018-08-14T05:03:37.589,2018-08-14T05:03:37.591
choice-moving,Surfer16@bmm,4854,325,6173,6173,652,NULL,1011826,1011824,1011824,1011824,CANCEL,BUY,1,1,2018-08-14T05:03:37.672,2018-08-14T05:03:37.676
choice-moving,Surfer16@bmm,4854,325,6173,6173,652,NULL,1011827,1011822,1011822,1011822,CANCEL,BUY,1,1,2018-08-14T05:03:38.335,2018-08-14T05:03:38.339
choice-moving,Surfer6@bmm,4844,325,6173,6173,652,NULL,1011828,1011828,1011828,1011835,LIMIT,SELL,1,1,2018-08-14T05:03:39.512,2018-08-14T05:03:43.559
choice-moving,Surfer8@bmm,4846,325,6173,6173,651,NULL,1011829,1011829,1011829,1011761,LIMIT,BUY,1,82,2018-08-14T05:03:39.584,2018-08-14T05:03:39.588
choice-moving,Surfer2@bmm,4840,325,6173,6173,652,NULL,1011830,1011830,1011830,1011859,LIMIT,SELL,1,7,2018-08-14T05:03:39.906,2018-08-14T05:03:51.255
choice-moving,Surfer15@bmm,4853,325,6173,6173,653,NULL,1011831,1011777,1011777,1011777,CANCEL,SELL,4,17,2018-08-14T05:03:41.500,2018-08-14T05:03:41.504
choice-moving,Surfer7@bmm,4845,325,6173,6173,653,NULL,1011832,1011721,1011721,1011721,CANCEL,SELL,1,20,2018-08-14T05:03:41.612,2018-08-14T05:03:41.616
choice-moving,Surfer7@bmm,4845,325,6173,6173,653,NULL,1011833,1011720,1011720,1011720,CANCEL,SELL,1,20,2018-08-14T05:03:42.473,2018-08-14T05:03:42.477
choice-moving,Surfer7@bmm,4845,325,6173,6173,653,NULL,1011834,1011719,1011719,1011719,CANCEL,SELL,1,20,2018-08-14T05:03:43.170,2018-08-14T05:03:43.174
choice-moving,Surfer6@bmm,4844,325,6173,6173,652,NULL,1011835,1011828,1011828,1011828,CANCEL,SELL,1,1,2018-08-14T05:03:43.555,2018-08-14T05:03:43.559
choice-moving,Surfer7@bmm,4845,325,6173,6173,653,NULL,1011836,1011718,1011718,1011718,CANCEL,SELL,1,20,2018-08-14T05:03:44.123,2018-08-14T05:03:44.126
choice-moving,Surfer7@bmm,4845,325,6173,6173,653,NULL,1011837,1011837,1011837,1011838,LIMIT,SELL,1,1,2018-08-14T05:03:45.327,2018-08-14T05:03:45.335
choice-moving,Surfer9@bmm,4847,325,6173,6173,653,NULL,1011838,1011797,1011797,1011837,LIMIT,BUY,1,1,2018-08-14T05:03:45.331,2018-08-14T05:03:45.335
choice-moving,Surfer9@bmm,4847,325,6173,6173,653,NULL,1011839,1011797,1011797,1011840,LIMIT,BUY,4,1,2018-08-14T05:03:23.823,2018-08-14T05:03:46.284
choice-moving,Surfer15@bmm,4853,325,6173,6173,653,NULL,1011840,1011840,1011840,1011839,LIMIT,SELL,4,1,2018-08-14T05:03:46.279,2018-08-14T05:03:46.284
choice-moving,Surfer16@bmm,4854,325,6173,6173,652,NULL,1011841,1011841,1011841,0,LIMIT,BUY,1,12,2018-08-14T05:03:47.198,2018-08-14T05:03:47.204
choice-moving,Surfer16@bmm,4854,325,6173,6173,652,NULL,1011842,1011841,1011841,1011807,LIMIT,BUY,1,6,2018-08-14T05:03:47.202,2018-08-14T05:03:47.204
choice-moving,Surfer16@bmm,4854,325,6173,6173,652,NULL,1011843,1011843,1011843,0,LIMIT,BUY,1,12,2018-08-14T05:03:47.935,2018-08-14T05:03:47.944
choice-moving,Surfer16@bmm,4854,325,6173,6173,652,NULL,1011844,1011843,1011843,1011845,LIMIT,BUY,1,6,2018-08-14T05:03:47.939,2018-08-14T05:03:47.944
choice-moving,Surfer4@bmm,4842,325,6173,6173,652,NULL,1011845,1011823,1011823,1011844,LIMIT,SELL,1,6,2018-08-14T05:03:47.940,2018-08-14T05:03:47.944
choice-moving,Surfer4@bmm,4842,325,6173,6173,652,NULL,1011846,1011823,1011823,0,LIMIT,SELL,2,6,2018-08-14T05:03:35.986,2018-08-14T05:03:50.540
choice-moving,Surfer10@bmm,4848,325,6173,6173,652,NULL,1011847,1011847,1011847,1011851,LIMIT,SELL,1,5,2018-08-14T05:03:48.004,2018-08-14T05:03:50.125
choice-moving,Surfer1@bmm,4839,325,6173,6173,651,NULL,1011848,1011848,1011848,1011968,LIMIT,SELL,1,74,2018-08-14T05:03:48.223,2018-08-14T05:05:31.252
choice-moving,Surfer3@bmm,4841,325,6173,6173,651,NULL,1011849,1011849,1011849,1011918,LIMIT,SELL,1,86,2018-08-14T05:03:49.749,2018-08-14T05:04:50.246
choice-moving,Surfer16@bmm,4854,325,6173,6173,652,NULL,1011850,1011850,1011850,0,LIMIT,BUY,1,12,2018-08-14T05:03:50.120,2018-08-14T05:03:50.125
choice-moving,Surfer16@bmm,4854,325,6173,6173,652,NULL,1011851,1011850,1011850,1011847,LIMIT,BUY,1,5,2018-08-14T05:03:50.123,2018-08-14T05:03:50.126
choice-moving,Surfer16@bmm,4854,325,6173,6173,652,NULL,1011852,1011852,1011852,0,LIMIT,BUY,1,12,2018-08-14T05:03:50.531,2018-08-14T05:03:50.539
choice-moving,Surfer16@bmm,4854,325,6173,6173,652,NULL,1011853,1011852,1011852,1011854,LIMIT,BUY,1,6,2018-08-14T05:03:50.535,2018-08-14T05:03:50.540
choice-moving,Surfer4@bmm,4842,325,6173,6173,652,NULL,1011854,1011823,1011846,1011853,LIMIT,SELL,1,6,2018-08-14T05:03:50.536,2018-08-14T05:03:50.540
choice-moving,Surfer4@bmm,4842,325,6173,6173,652,NULL,1011855,1011823,1011846,1011857,LIMIT,SELL,1,6,2018-08-14T05:03:35.986,2018-08-14T05:03:50.842
choice-moving,Surfer16@bmm,4854,325,6173,6173,652,NULL,1011856,1011856,1011856,0,LIMIT,BUY,1,12,2018-08-14T05:03:50.835,2018-08-14T05:03:50.842
choice-moving,Surfer16@bmm,4854,325,6173,6173,652,NULL,1011857,1011856,1011856,1011855,LIMIT,BUY,1,6,2018-08-14T05:03:50.840,2018-08-14T05:03:50.842
choice-moving,Surfer16@bmm,4854,325,6173,6173,652,NULL,1011858,1011858,1011858,0,LIMIT,BUY,1,12,2018-08-14T05:03:51.249,2018-08-14T05:03:51.255
choice-moving,Surfer16@bmm,4854,325,6173,6173,652,NULL,1011859,1011858,1011858,1011830,LIMIT,BUY,1,7,2018-08-14T05:03:51.253,2018-08-14T05:03:51.255
choice-moving,Surfer16@bmm,4854,325,6173,6173,652,NULL,1011860,1011860,1011860,1011730,LIMIT,BUY,1,12,2018-08-14T05:03:51.666,2018-08-14T05:03:51.670
choice-moving,Surfer16@bmm,4854,325,6173,6173,652,NULL,1011861,1011861,1011861,1011863,LIMIT,BUY,1,12,2018-08-14T05:03:51.946,2018-08-14T05:03:52.080
choice-moving,Surfer6@bmm,4844,325,6173,6173,652,NULL,1011862,1011862,1011862,0,LIMIT,SELL,1,5,2018-08-14T05:03:52.074,2018-08-14T05:03:52.079
choice-moving,Surfer6@bmm,4844,325,6173,6173,652,NULL,1011863,1011862,1011862,1011861,LIMIT,SELL,1,12,2018-08-14T05:03:52.078,2018-08-14T05:03:52.080
choice-moving,Surfer17@bmm,4855,325,6173,6173,651,NULL,1011864,1011744,1011744,1011744,CANCEL,SELL,2,100,2018-08-14T05:03:53.154,2018-08-14T05:03:53.158
choice-moving,Surfer2@bmm,4840,325,6173,6173,651,NULL,1011865,1011803,1011803,1011803,CANCEL,BUY,1,34,2018-08-14T05:03:53.844,2018-08-14T05:03:53.848
choice-moving,Surfer1@bmm,4839,325,6173,6173,651,NULL,1011866,1011866,1011866,1011883,LIMIT,SELL,1,74,2018-08-14T05:03:54.900,2018-08-14T05:04:10.748
choice-moving,Surfer6@bmm,4844,325,6173,6173,652,NULL,1011867,1011867,1011867,1011892,LIMIT,SELL,1,5,2018-08-14T05:03:55.676,2018-08-14T05:04:22.261
choice-moving,Surfer12@bmm,4850,325,6173,6173,652,NULL,1011868,1011868,1011868,0,LIMIT,BUY,4,1,2018-08-14T05:03:57.099,2018-08-14T05:05:41.176
choice-moving,Surfer4@bmm,4842,325,6173,6173,650,NULL,1011869,1011869,1011869,NULL,LIMIT,BUY,1,100,2018-08-14T05:03:57.401,2018-08-14T05:03:57.403
choice-moving,Surfer6@bmm,4844,325,6173,6173,652,NULL,1011870,1011870,1011870,1011894,LIMIT,SELL,1,5,2018-08-14T05:03:59.441,2018-08-14T05:04:22.454
choice-moving,Surfer16@bmm,4854,325,6173,6173,652,NULL,1011871,1011871,1011871,NULL,LIMIT,SELL,1,45,2018-08-14T05:03:59.968,2018-08-14T05:03:59.970
choice-moving,Surfer17@bmm,4855,325,6173,6173,651,NULL,1011872,1011872,1011872,1011806,LIMIT,SELL,1,44,2018-08-14T05:04:00.051,2018-08-14T05:04:00.056
choice-moving,Surfer16@bmm,4854,325,6173,6173,652,NULL,1011873,1011873,1011873,NULL,LIMIT,SELL,1,45,2018-08-14T05:04:00.247,2018-08-14T05:04:00.249
choice-moving,Surfer16@bmm,4854,325,6173,6173,652,NULL,1011874,1011874,1011874,NULL,LIMIT,SELL,1,45,2018-08-14T05:04:00.483,2018-08-14T05:04:00.485
choice-moving,Surfer16@bmm,4854,325,6173,6173,652,NULL,1011875,1011875,1011875,NULL,LIMIT,SELL,1,45,2018-08-14T05:04:00.718,2018-08-14T05:04:00.719
choice-moving,Surfer16@bmm,4854,325,6173,6173,652,NULL,1011876,1011876,1011876,NULL,LIMIT,SELL,1,45,2018-08-14T05:04:00.954,2018-08-14T05:04:00.956
choice-moving,Surfer16@bmm,4854,325,6173,6173,652,NULL,1011877,1011877,1011877,NULL,LIMIT,SELL,1,45,2018-08-14T05:04:01.136,2018-08-14T05:04:01.138
choice-moving,Surfer16@bmm,4854,325,6173,6173,652,NULL,1011878,1011878,1011878,NULL,LIMIT,SELL,1,45,2018-08-14T05:04:01.215,2018-08-14T05:04:01.217
choice-moving,Surfer16@bmm,4854,325,6173,6173,652,NULL,1011879,1011879,1011879,NULL,LIMIT,SELL,1,45,2018-08-14T05:04:01.433,2018-08-14T05:04:01.435
choice-moving,Surfer14@bmm,4852,325,6173,6173,651,NULL,1011880,1011880,1011880,1011887,LIMIT,SELL,1,67,2018-08-14T05:04:05.333,2018-08-14T05:04:15.270
choice-moving,Surfer16@bmm,4854,325,6173,6173,652,NULL,1011881,1011881,1011881,NULL,LIMIT,SELL,1,45,2018-08-14T05:04:08.763,2018-08-14T05:04:08.765
choice-moving,Surfer4@bmm,4842,325,6173,6173,652,NULL,1011882,1011882,1011882,1011897,LIMIT,SELL,1,8,2018-08-14T05:04:10.583,2018-08-14T05:04:23.062
choice-moving,Surfer1@bmm,4839,325,6173,6173,651,NULL,1011883,1011866,1011866,1011866,CANCEL,SELL,1,74,2018-08-14T05:04:10.745,2018-08-14T05:04:10.748
choice-moving,Surfer3@bmm,4841,325,6173,6173,653,NULL,1011884,1011884,1011884,1011927,LIMIT,SELL,1,1,2018-08-14T05:04:12.291,2018-08-14T05:04:55.883
choice-moving,Surfer1@bmm,4839,325,6173,6173,651,NULL,1011885,1011885,1011885,1011964,LIMIT,SELL,1,53,2018-08-14T05:04:13.250,2018-08-14T05:05:28.517
choice-moving,Surfer2@bmm,4840,325,6173,6173,652,NULL,1011886,1011886,1011886,1011896,LIMIT,SELL,1,6,2018-08-14T05:04:14.212,2018-08-14T05:04:22.681
choice-moving,Surfer14@bmm,4852,325,6173,6173,651,NULL,1011887,1011880,1011880,1011880,CANCEL,SELL,1,67,2018-08-14T05:04:15.266,2018-08-14T05:04:15.269
choice-moving,Surfer3@bmm,4841,325,6173,6173,653,NULL,1011888,1011888,1011888,1011928,LIMIT,SELL,1,1,2018-08-14T05:04:16.099,2018-08-14T05:04:55.883
choice-moving,Surfer9@bmm,4847,325,6173,6173,651,NULL,1011889,1011889,1011889,1011913,LIMIT,BUY,1,3,2018-08-14T05:04:16.501,2018-08-14T05:04:42.592
choice-moving,Surfer5@bmm,4843,325,6173,6173,653,NULL,1011890,1011890,1011890,NULL,LIMIT,SELL,1,23,2018-08-14T05:04:18.994,2018-08-14T05:04:18.997
choice-moving,Surfer16@bmm,4854,325,6173,6173,652,NULL,1011891,1011891,1011891,0,LIMIT,BUY,1,8,2018-08-14T05:04:22.255,2018-08-14T05:04:22.261
choice-moving,Surfer16@bmm,4854,325,6173,6173,652,NULL,1011892,1011891,1011891,1011867,LIMIT,BUY,1,5,2018-08-14T05:04:22.259,2018-08-14T05:04:22.261
choice-moving,Surfer16@bmm,4854,325,6173,6173,652,NULL,1011893,1011893,1011893,0,LIMIT,BUY,1,8,2018-08-14T05:04:22.448,2018-08-14T05:04:22.454
choice-moving,Surfer16@bmm,4854,325,6173,6173,652,NULL,1011894,1011893,1011893,1011870,LIMIT,BUY,1,5,2018-08-14T05:04:22.452,2018-08-14T05:04:22.455
choice-moving,Surfer16@bmm,4854,325,6173,6173,652,NULL,1011895,1011895,1011895,0,LIMIT,BUY,1,8,2018-08-14T05:04:22.673,2018-08-14T05:04:22.681
choice-moving,Surfer16@bmm,4854,325,6173,6173,652,NULL,1011896,1011895,1011895,1011886,LIMIT,BUY,1,6,2018-08-14T05:04:22.678,2018-08-14T05:04:22.681
choice-moving,Surfer16@bmm,4854,325,6173,6173,652,NULL,1011897,1011897,1011897,1011882,LIMIT,BUY,1,8,2018-08-14T05:04:23.057,2018-08-14T05:04:23.061
choice-moving,Surfer9@bmm,4847,325,6173,6173,651,NULL,1011898,1011898,1011898,1011914,LIMIT,BUY,1,3,2018-08-14T05:04:23.081,2018-08-14T05:04:42.592
choice-moving,Surfer16@bmm,4854,325,6173,6173,652,NULL,1011899,1011899,1011899,1011903,LIMIT,BUY,1,8,2018-08-14T05:04:23.338,2018-08-14T05:04:27.168
choice-moving,Surfer14@bmm,4852,325,6173,6173,650,NULL,1011900,1011900,1011900,1011901,LIMIT,SELL,1,100,2018-08-14T05:04:24.973,2018-08-14T05:04:24.980
choice-moving,Surfer4@bmm,4842,325,6173,6173,650,NULL,1011901,1011773,1011773,1011900,LIMIT,BUY,1,100,2018-08-14T05:04:24.977,2018-08-14T05:04:24.981
choice-moving,Surfer4@bmm,4842,325,6173,6173,650,NULL,1011902,1011773,1011773,0,LIMIT,BUY,2,100,2018-08-14T05:03:00.429,2018-08-14T05:04:55.112
choice-moving,Surfer16@bmm,4854,325,6173,6173,652,NULL,1011903,1011899,1011899,1011899,CANCEL,BUY,1,8,2018-08-14T05:04:27.164,2018-08-14T05:04:27.167
choice-moving,Surfer9@bmm,4847,325,6173,6173,651,NULL,1011904,1011904,1011904,1011948,LIMIT,BUY,1,3,2018-08-14T05:04:27.196,2018-08-14T05:05:15.441
choice-moving,Surfer8@bmm,4846,325,6173,6173,652,NULL,1011905,1011905,1011905,1011906,LIMIT,SELL,1,8,2018-08-14T05:04:27.731,2018-08-14T05:04:30.722
choice-moving,Surfer16@bmm,4854,325,6173,6173,652,NULL,1011906,1011906,1011906,1011905,LIMIT,BUY,1,8,2018-08-14T05:04:30.718,2018-08-14T05:04:30.722
choice-moving,Surfer18@bmm,4856,325,6173,6173,652,NULL,1011907,1011710,1011710,1011710,CANCEL,SELL,1,80,2018-08-14T05:04:33.108,2018-08-14T05:04:33.111
choice-moving,Surfer8@bmm,4846,325,6173,6173,652,NULL,1011908,1011908,1011908,1012008,LIMIT,SELL,1,18,2018-08-14T05:04:37.859,2018-08-14T05:06:00.251
choice-moving,Surfer17@bmm,4855,325,6173,6173,651,NULL,1011909,1011731,1011731,1011736,CANCEL,SELL,1,100,2018-08-14T05:04:39.181,2018-08-14T05:04:39.216
choice-moving,Surfer1@bmm,4839,325,6173,6173,653,NULL,1011910,1011794,1011794,1011794,CANCEL,SELL,1,15,2018-08-14T05:04:40.718,2018-08-14T05:04:40.722
choice-moving,Surfer14@bmm,4852,325,6173,6173,652,NULL,1011911,1011911,1011911,1011946,LIMIT,SELL,1,15,2018-08-14T05:04:41.482,2018-08-14T05:05:11.315
choice-moving,Surfer17@bmm,4855,325,6173,6173,651,NULL,1011912,1011912,1011912,0,LIMIT,SELL,2,3,2018-08-14T05:04:42.584,2018-08-14T05:04:42.591
choice-moving,Surfer17@bmm,4855,325,6173,6173,651,NULL,1011913,1011912,1011912,1011889,LIMIT,SELL,1,3,2018-08-14T05:04:42.588,2018-08-14T05:04:42.592
choice-moving,Surfer17@bmm,4855,325,6173,6173,651,NULL,1011914,1011912,1011912,1011898,LIMIT,SELL,1,3,2018-08-14T05:04:42.590,2018-08-14T05:04:42.592
choice-moving,Surfer1@bmm,4839,325,6173,6173,653,NULL,1011915,1011915,1011915,1011929,LIMIT,SELL,1,1,2018-08-14T05:04:46.284,2018-08-14T05:04:55.883
choice-moving,Surfer16@bmm,4854,325,6173,6173,652,NULL,1011916,1011916,1011916,NULL,LIMIT,SELL,1,25,2018-08-14T05:04:48.447,2018-08-14T05:04:48.449
choice-moving,Surfer16@bmm,4854,325,6173,6173,652,NULL,1011917,1011917,1011917,NULL,LIMIT,SELL,1,25,2018-08-14T05:04:49.521,2018-08-14T05:04:49.523
choice-moving,Surfer3@bmm,4841,325,6173,6173,651,NULL,1011918,1011849,1011849,1011849,CANCEL,SELL,1,86,2018-08-14T05:04:50.243,2018-08-14T05:04:50.246
choice-moving,Surfer3@bmm,4841,325,6173,6173,651,NULL,1011919,1011919,1011919,1012002,LIMIT,SELL,1,50,2018-08-14T05:04:51.610,2018-08-14T05:05:51.251
choice-moving,Surfer10@bmm,4848,325,6173,6173,652,NULL,1011920,1011712,1011712,1011712,CANCEL,SELL,1,60,2018-08-14T05:04:52.113,2018-08-14T05:04:52.117
choice-moving,Surfer13@bmm,4851,325,6173,6173,651,NULL,1011921,1011921,1011921,1012013,LIMIT,SELL,3,47,2018-08-14T05:04:52.334,2018-08-14T05:06:04.785
choice-moving,Surfer17@bmm,4855,325,6173,6173,653,NULL,1011922,1011789,1011789,1011789,CANCEL,SELL,1,2,2018-08-14T05:04:53.913,2018-08-14T05:04:53.917
choice-moving,Surfer8@bmm,4846,325,6173,6173,650,NULL,1011923,1011923,1011923,1011924,LIMIT,SELL,1,100,2018-08-14T05:04:55.096,2018-08-14T05:04:55.112
choice-moving,Surfer4@bmm,4842,325,6173,6173,650,NULL,1011924,1011773,1011902,1011923,LIMIT,BUY,1,100,2018-08-14T05:04:55.103,2018-08-14T05:04:55.112
choice-moving,Surfer4@bmm,4842,325,6173,6173,650,NULL,1011925,1011773,1011902,1011931,LIMIT,BUY,1,100,2018-08-14T05:03:00.429,2018-08-14T05:04:59.406
choice-moving,Surfer14@bmm,4852,325,6173,6173,653,NULL,1011926,1011926,1011926,0,LIMIT,BUY,3,8,2018-08-14T05:04:55.873,2018-08-14T05:04:55.882
choice-moving,Surfer14@bmm,4852,325,6173,6173,653,NULL,1011927,1011926,1011926,1011884,LIMIT,BUY,1,1,2018-08-14T05:04:55.877,2018-08-14T05:04:55.883
choice-moving,Surfer14@bmm,4852,325,6173,6173,653,NULL,1011928,1011926,1011926,1011888,LIMIT,BUY,1,1,2018-08-14T05:04:55.879,2018-08-14T05:04:55.883
choice-moving,Surfer14@bmm,4852,325,6173,6173,653,NULL,1011929,1011926,1011926,1011915,LIMIT,BUY,1,1,2018-08-14T05:04:55.881,2018-08-14T05:04:55.883
choice-moving,Surfer18@bmm,4856,325,6173,6173,652,NULL,1011930,1011723,1011723,1011723,CANCEL,SELL,1,51,2018-08-14T05:04:57.221,2018-08-14T05:04:57.224
choice-moving,Surfer8@bmm,4846,325,6173,6173,650,NULL,1011931,1011931,1011931,1011925,LIMIT,SELL,1,100,2018-08-14T05:04:59.402,2018-08-14T05:04:59.406
choice-moving,Surfer8@bmm,4846,325,6173,6173,650,NULL,1011932,1011932,1011932,1011933,LIMIT,SELL,1,100,2018-08-14T05:04:59.758,2018-08-14T05:04:59.766
choice-moving,Surfer4@bmm,4842,325,6173,6173,650,NULL,1011933,1011782,1011782,1011932,LIMIT,BUY,1,100,2018-08-14T05:04:59.762,2018-08-14T05:04:59.766
choice-moving,Surfer4@bmm,4842,325,6173,6173,650,NULL,1011934,1011782,1011782,0,LIMIT,BUY,3,100,2018-08-14T05:03:09.757,2018-08-14T05:05:00.013
choice-moving,Surfer8@bmm,4846,325,6173,6173,650,NULL,1011935,1011935,1011935,1011936,LIMIT,SELL,1,100,2018-08-14T05:05,2018-08-14T05:05:00.012
choice-moving,Surfer4@bmm,4842,325,6173,6173,650,NULL,1011936,1011782,1011934,1011935,LIMIT,BUY,1,100,2018-08-14T05:05:00.008,2018-08-14T05:05:00.013
choice-moving,Surfer4@bmm,4842,325,6173,6173,650,NULL,1011937,1011782,1011934,0,LIMIT,BUY,2,100,2018-08-14T05:03:09.757,2018-08-14T05:06:24.731
choice-moving,Surfer13@bmm,4851,325,6173,6173,651,NULL,1011938,1011938,1011938,1012049,LIMIT,SELL,1,20,2018-08-14T05:05:00.541,2018-08-14T05:06:45.944
choice-moving,Surfer14@bmm,4852,325,6173,6173,653,NULL,1011939,1011939,1011939,0,LIMIT,BUY,3,8,2018-08-14T05:05:02.941,2018-08-14T05:05:02.953
choice-moving,Surfer14@bmm,4852,325,6173,6173,653,NULL,1011940,1011939,1011939,1011800,LIMIT,BUY,1,2,2018-08-14T05:05:02.945,2018-08-14T05:05:02.953
choice-moving,Surfer14@bmm,4852,325,6173,6173,653,NULL,1011941,1011939,1011939,1011787,LIMIT,BUY,1,3,2018-08-14T05:05:02.949,2018-08-14T05:05:02.954
choice-moving,Surfer14@bmm,4852,325,6173,6173,653,NULL,1011942,1011939,1011939,1011952,LIMIT,BUY,1,8,2018-08-14T05:05:02.941,2018-08-14T05:05:19.931
choice-moving,Surfer5@bmm,4843,325,6173,6173,651,NULL,1011943,1011943,1011943,NULL,LIMIT,SELL,1,22,2018-08-14T05:05:03.272,2018-08-14T05:05:03.274
choice-moving,Surfer10@bmm,4848,325,6173,6173,652,NULL,1011944,1011944,1011944,1012041,LIMIT,SELL,1,7,2018-08-14T05:05:06.020,2018-08-14T05:06:28.750
choice-moving,Surfer8@bmm,4846,325,6173,6173,652,NULL,1011945,1011945,1011945,1012047,LIMIT,SELL,1,4,2018-08-14T05:05:08.856,2018-08-14T05:06:41.063
choice-moving,Surfer14@bmm,4852,325,6173,6173,652,NULL,1011946,1011911,1011911,1011911,CANCEL,SELL,1,15,2018-08-14T05:05:11.311,2018-08-14T05:05:11.315
choice-moving,Surfer1@bmm,4839,325,6173,6173,650,NULL,1011947,1011947,1011947,NULL,LIMIT,BUY,1,96,2018-08-14T05:05:11.972,2018-08-14T05:05:11.974
choice-moving,Surfer9@bmm,4847,325,6173,6173,651,NULL,1011948,1011904,1011904,1011904,CANCEL,BUY,1,3,2018-08-14T05:05:15.437,2018-08-14T05:05:15.441
choice-moving,Surfer8@bmm,4846,325,6173,6173,651,NULL,1011949,1011949,1011949,1011770,LIMIT,SELL,1,2,2018-08-14T05:05:17.928,2018-08-14T05:05:17.934
choice-moving,Surfer3@bmm,4841,325,6173,6173,653,NULL,1011951,1011951,1011951,0,LIMIT,SELL,1,5,2018-08-14T05:05:19.923,2018-08-14T05:05:19.930
choice-moving,Surfer3@bmm,4841,325,6173,6173,653,NULL,1011952,1011951,1011951,1011942,LIMIT,SELL,1,8,2018-08-14T05:05:19.928,2018-08-14T05:05:19.931
choice-moving,Surfer5@bmm,4843,325,6173,6173,651,NULL,1011953,1011953,1011953,1011748,LIMIT,SELL,1,1,2018-08-14T05:05:20.794,2018-08-14T05:05:20.800
choice-moving,Surfer14@bmm,4852,325,6173,6173,651,NULL,1011954,1011954,1011954,1011960,LIMIT,BUY,1,6,2018-08-14T05:05:22.345,2018-08-14T05:05:25.774
choice-moving,Surfer1@bmm,4839,325,6173,6173,650,NULL,1011955,1011955,1011955,NULL,LIMIT,BUY,1,99,2018-08-14T05:05:22.501,2018-08-14T05:05:22.504
choice-moving,Surfer18@bmm,4856,325,6173,6173,652,NULL,1011956,1011956,1011956,1011990,LIMIT,SELL,1,10,2018-08-14T05:05:23.880,2018-08-14T05:05:44.330
choice-moving,Surfer16@bmm,4854,325,6173,6173,651,NULL,1011958,1011795,1011795,1011795,CANCEL,BUY,1,1,2018-08-14T05:05:25.069,2018-08-14T05:05:25.080
choice-moving,Surfer8@bmm,4846,325,6173,6173,651,NULL,1011959,1011959,1011959,0,LIMIT,SELL,1,4,2018-08-14T05:05:25.768,2018-08-14T05:05:25.774
choice-moving,Surfer8@bmm,4846,325,6173,6173,651,NULL,1011960,1011959,1011959,1011954,LIMIT,SELL,1,6,2018-08-14T05:05:25.772,2018-08-14T05:05:25.774
choice-moving,Surfer17@bmm,4855,325,6173,6173,653,NULL,1011961,1011961,1011961,1012024,LIMIT,SELL,1,8,2018-08-14T05:05:27.176,2018-08-14T05:06:14.722
choice-moving,Surfer11@bmm,4849,325,6173,6173,651,NULL,1011962,1011962,1011962,1011985,LIMIT,SELL,1,5,2018-08-14T05:05:28.007,2018-08-14T05:05:42.370
choice-moving,Surfer8@bmm,4846,325,6173,6173,651,NULL,1011963,1011963,1011963,1011983,LIMIT,SELL,1,4,2018-08-14T05:05:28.346,2018-08-14T05:05:42.370
choice-moving,Surfer1@bmm,4839,325,6173,6173,651,NULL,1011964,1011885,1011885,1011885,CANCEL,SELL,1,53,2018-08-14T05:05:28.513,2018-08-14T05:05:28.517
choice-moving,Surfer5@bmm,4843,325,6173,6173,651,NULL,1011965,1011965,1011965,1011753,LIMIT,SELL,1,1,2018-08-14T05:05:29.351,2018-08-14T05:05:29.358
choice-moving,Surfer7@bmm,4845,325,6173,6173,650,NULL,1011966,1011675,1011675,1011675,CANCEL,BUY,1,79,2018-08-14T05:05:30.699,2018-08-14T05:05:30.705
choice-moving,Surfer7@bmm,4845,325,6173,6173,650,NULL,1011967,1011675,1011675,1011967,CANCEL,BUY,1,79,2018-08-14T05:05:30.711,2018-08-14T05:05:30.720
choice-moving,Surfer1@bmm,4839,325,6173,6173,651,NULL,1011968,1011848,1011848,1011848,CANCEL,SELL,1,74,2018-08-14T05:05:31.247,2018-08-14T05:05:31.251
choice-moving,Surfer16@bmm,4854,325,6173,6173,651,NULL,1011969,1011793,1011793,1011793,CANCEL,BUY,1,1,2018-08-14T05:05:31.284,2018-08-14T05:05:31.288
choice-moving,Surfer7@bmm,4845,325,6173,6173,650,NULL,1011970,1011673,1011673,1011673,CANCEL,BUY,1,79,2018-08-14T05:05:31.431,2018-08-14T05:05:31.436
choice-moving,Surfer5@bmm,4843,325,6173,6173,651,NULL,1011971,1011971,1011971,1011754,LIMIT,SELL,1,1,2018-08-14T05:05:31.617,2018-08-14T05:05:31.623
choice-moving,Surfer8@bmm,4846,325,6173,6173,651,NULL,1011972,1011972,1011972,1011984,LIMIT,SELL,1,4,2018-08-14T05:05:32.083,2018-08-14T05:05:42.370
choice-moving,Surfer7@bmm,4845,325,6173,6173,650,NULL,1011973,1011771,1011771,1011771,CANCEL,BUY,1,95,2018-08-14T05:05:32.631,2018-08-14T05:05:32.635
choice-moving,Surfer11@bmm,4849,325,6173,6173,651,NULL,1011974,1011974,1011974,1011760,LIMIT,SELL,1,1,2018-08-14T05:05:32.851,2018-08-14T05:05:32.856
choice-moving,Surfer16@bmm,4854,325,6173,6173,651,NULL,1011975,1011762,1011762,1011762,CANCEL,BUY,1,1,2018-08-14T05:05:33.270,2018-08-14T05:05:33.275
choice-moving,Surfer8@bmm,4846,325,6173,6173,651,NULL,1011976,1011976,1011976,1011986,LIMIT,SELL,1,5,2018-08-14T05:05:33.283,2018-08-14T05:05:42.371
choice-moving,Surfer1@bmm,4839,325,6173,6173,651,NULL,1011977,1011977,1011977,1011978,LIMIT,SELL,1,2,2018-08-14T05:05:39.517,2018-08-14T05:05:40.400
choice-moving,Surfer16@bmm,4854,325,6173,6173,651,NULL,1011978,1011978,1011978,1011977,LIMIT,BUY,1,2,2018-08-14T05:05:40.394,2018-08-14T05:05:40.399
choice-moving,Surfer18@bmm,4856,325,6173,6173,652,NULL,1011979,1011979,1011979,1011980,LIMIT,SELL,1,1,2018-08-14T05:05:41.168,2018-08-14T05:05:41.176
choice-moving,Surfer12@bmm,4850,325,6173,6173,652,NULL,1011980,1011868,1011868,1011979,LIMIT,BUY,1,1,2018-08-14T05:05:41.173,2018-08-14T05:05:41.176
choice-moving,Surfer12@bmm,4850,325,6173,6173,652,NULL,1011981,1011868,1011868,0,LIMIT,BUY,3,1,2018-08-14T05:03:57.099,2018-08-14T05:05:59.321
choice-moving,Surfer14@bmm,4852,325,6173,6173,651,NULL,1011982,1011982,1011982,0,LIMIT,BUY,4,6,2018-08-14T05:05:42.359,2018-08-14T05:05:42.370
choice-moving,Surfer14@bmm,4852,325,6173,6173,651,NULL,1011983,1011982,1011982,1011963,LIMIT,BUY,1,4,2018-08-14T05:05:42.363,2018-08-14T05:05:42.370
choice-moving,Surfer14@bmm,4852,325,6173,6173,651,NULL,1011984,1011982,1011982,1011972,LIMIT,BUY,1,4,2018-08-14T05:05:42.365,2018-08-14T05:05:42.370
choice-moving,Surfer14@bmm,4852,325,6173,6173,651,NULL,1011985,1011982,1011982,1011962,LIMIT,BUY,1,5,2018-08-14T05:05:42.366,2018-08-14T05:05:42.371
choice-moving,Surfer14@bmm,4852,325,6173,6173,651,NULL,1011986,1011982,1011982,1011976,LIMIT,BUY,1,5,2018-08-14T05:05:42.368,2018-08-14T05:05:42.371
choice-moving,Surfer16@bmm,4854,325,6173,6173,651,NULL,1011987,1011987,1011987,1012003,LIMIT,BUY,1,2,2018-08-14T05:05:42.650,2018-08-14T05:05:52.709
choice-moving,Surfer1@bmm,4839,325,6173,6173,651,NULL,1011988,1011988,1011988,1012019,LIMIT,SELL,1,4,2018-08-14T05:05:43.487,2018-08-14T05:06:10.941
choice-moving,Surfer16@bmm,4854,325,6173,6173,651,NULL,1011989,1011989,1011989,1012028,LIMIT,BUY,1,2,2018-08-14T05:05:43.763,2018-08-14T05:06:16.234
choice-moving,Surfer18@bmm,4856,325,6173,6173,652,NULL,1011990,1011956,1011956,1011956,CANCEL,SELL,1,10,2018-08-14T05:05:44.326,2018-08-14T05:05:44.330
choice-moving,Surfer16@bmm,4854,325,6173,6173,651,NULL,1011991,1011991,1011991,1012029,LIMIT,BUY,1,2,2018-08-14T05:05:44.809,2018-08-14T05:06:16.234
choice-moving,Surfer16@bmm,4854,325,6173,6173,651,NULL,1011992,1011992,1011992,1012030,LIMIT,BUY,1,2,2018-08-14T05:05:45.497,2018-08-14T05:06:16.235
choice-moving,Surfer7@bmm,4845,325,6173,6173,653,NULL,1011993,1011993,1011993,1012015,LIMIT,SELL,1,5,2018-08-14T05:05:45.632,2018-08-14T05:06:05.805
choice-moving,Surfer16@bmm,4854,325,6173,6173,651,NULL,1011994,1011994,1011994,1012033,LIMIT,BUY,1,2,2018-08-14T05:05:46.027,2018-08-14T05:06:20.026
choice-moving,Surfer7@bmm,4845,325,6173,6173,653,NULL,1011995,1011995,1011995,1012026,LIMIT,SELL,1,5,2018-08-14T05:05:46.246,2018-08-14T05:06:14.830
choice-moving,Surfer16@bmm,4854,325,6173,6173,651,NULL,1011996,1011996,1011996,1012038,LIMIT,BUY,1,2,2018-08-14T05:05:46.531,2018-08-14T05:06:25.965
choice-moving,Surfer7@bmm,4845,325,6173,6173,653,NULL,1011997,1011997,1011997,1012034,LIMIT,SELL,1,5,2018-08-14T05:05:46.977,2018-08-14T05:06:21.546
choice-moving,Surfer16@bmm,4854,325,6173,6173,651,NULL,1011998,1011998,1011998,1012040,LIMIT,BUY,1,2,2018-08-14T05:05:46.987,2018-08-14T05:06:28.589
choice-moving,Surfer19@bmm,4857,325,6173,6173,651,NULL,1011999,1011745,1011745,1011745,CANCEL,SELL,4,100,2018-08-14T05:05:47.415,2018-08-14T05:05:47.419
choice-moving,Surfer16@bmm,4854,325,6173,6173,651,NULL,1012000,1012000,1012000,1012042,LIMIT,BUY,1,2,2018-08-14T05:05:48.339,2018-08-14T05:06:31.288
choice-moving,Surfer3@bmm,4841,325,6173,6173,651,NULL,1012002,1011919,1011919,1011919,CANCEL,SELL,1,50,2018-08-14T05:05:51.247,2018-08-14T05:05:51.251
choice-moving,Surfer3@bmm,4841,325,6173,6173,651,NULL,1012003,1012003,1012003,1011987,LIMIT,SELL,1,2,2018-08-14T05:05:52.705,2018-08-14T05:05:52.709
choice-moving,Surfer18@bmm,4856,325,6173,6173,652,NULL,1012004,1012004,1012004,1012005,LIMIT,SELL,1,1,2018-08-14T05:05:59.314,2018-08-14T05:05:59.320
choice-moving,Surfer12@bmm,4850,325,6173,6173,652,NULL,1012005,1011868,1011981,1012004,LIMIT,BUY,1,1,2018-08-14T05:05:59.317,2018-08-14T05:05:59.321
choice-moving,Surfer12@bmm,4850,325,6173,6173,652,NULL,1012006,1011868,1011981,0,LIMIT,BUY,2,1,2018-08-14T05:03:57.099,2018-08-14T05:06:02.154
choice-moving,Surfer19@bmm,4857,325,6173,6173,651,NULL,1012007,1012007,1012007,1012084,LIMIT,SELL,4,100,2018-08-14T05:05:59.649,2018-08-14T05:07:33.818
choice-moving,Surfer8@bmm,4846,325,6173,6173,652,NULL,1012008,1011908,1011908,1011908,CANCEL,SELL,1,18,2018-08-14T05:06:00.246,2018-08-14T05:06:00.250
choice-moving,Surfer18@bmm,4856,325,6173,6173,652,NULL,1012009,1012009,1012009,1012010,LIMIT,SELL,1,1,2018-08-14T05:06:02.146,2018-08-14T05:06:02.154
choice-moving,Surfer12@bmm,4850,325,6173,6173,652,NULL,1012010,1011868,1012006,1012009,LIMIT,BUY,1,1,2018-08-14T05:06:02.150,2018-08-14T05:06:02.154
choice-moving,Surfer12@bmm,4850,325,6173,6173,652,NULL,1012011,1011868,1012006,1012022,LIMIT,BUY,1,1,2018-08-14T05:03:57.099,2018-08-14T05:06:13.206
choice-moving,Surfer8@bmm,4846,325,6173,6173,652,NULL,1012012,1012012,1012012,1012048,LIMIT,SELL,1,4,2018-08-14T05:06:03.394,2018-08-14T05:06:41.860
choice-moving,Surfer13@bmm,4851,325,6173,6173,651,NULL,1012013,1011921,1011921,1011921,CANCEL,SELL,3,47,2018-08-14T05:06:04.781,2018-08-14T05:06:04.785
choice-moving,Surfer9@bmm,4847,325,6173,6173,653,NULL,1012014,1012014,1012014,0,LIMIT,BUY,1,50,2018-08-14T05:06:05.798,2018-08-14T05:06:05.805
choice-moving,Surfer9@bmm,4847,325,6173,6173,653,NULL,1012015,1012014,1012014,1011993,LIMIT,BUY,1,5,2018-08-14T05:06:05.803,2018-08-14T05:06:05.805
choice-moving,Surfer16@bmm,4854,325,6173,6173,650,NULL,1012016,1012016,1012016,NULL,LIMIT,BUY,1,98,2018-08-14T05:06:08.091,2018-08-14T05:06:08.093
choice-moving,Surfer16@bmm,4854,325,6173,6173,650,NULL,1012017,1012017,1012017,NULL,LIMIT,BUY,1,98,2018-08-14T05:06:10.423,2018-08-14T05:06:10.425
choice-moving,Surfer17@bmm,4855,325,6173,6173,653,NULL,1012018,1011711,1011711,1011711,CANCEL,SELL,3,33,2018-08-14T05:06:10.444,2018-08-14T05:06:10.449
choice-moving,Surfer1@bmm,4839,325,6173,6173,651,NULL,1012019,1011988,1011988,1011988,CANCEL,SELL,1,4,2018-08-14T05:06:10.937,2018-08-14T05:06:10.940
choice-moving,Surfer1@bmm,4839,325,6173,6173,651,NULL,1012020,1012020,1012020,1012039,LIMIT,SELL,1,3,2018-08-14T05:06:12.322,2018-08-14T05:06:26.933
choice-moving,Surfer16@bmm,4854,325,6173,6173,650,NULL,1012021,1012021,1012021,NULL,LIMIT,BUY,1,98,2018-08-14T05:06:12.435,2018-08-14T05:06:12.437
choice-moving,Surfer10@bmm,4848,325,6173,6173,652,NULL,1012022,1012022,1012022,1012011,LIMIT,SELL,1,1,2018-08-14T05:06:13.202,2018-08-14T05:06:13.206
choice-moving,Surfer16@bmm,4854,325,6173,6173,650,NULL,1012023,1012023,1012023,NULL,LIMIT,BUY,1,98,2018-08-14T05:06:14.195,2018-08-14T05:06:14.197
choice-moving,Surfer17@bmm,4855,325,6173,6173,653,NULL,1012024,1011961,1011961,1011961,CANCEL,SELL,1,8,2018-08-14T05:06:14.718,2018-08-14T05:06:14.722
choice-moving,Surfer9@bmm,4847,325,6173,6173,653,NULL,1012025,1012025,1012025,0,LIMIT,BUY,1,50,2018-08-14T05:06:14.824,2018-08-14T05:06:14.830
choice-moving,Surfer9@bmm,4847,325,6173,6173,653,NULL,1012026,1012025,1012025,1011995,LIMIT,BUY,1,5,2018-08-14T05:06:14.828,2018-08-14T05:06:14.830
choice-moving,Surfer13@bmm,4851,325,6173,6173,651,NULL,1012027,1012027,1012027,0,LIMIT,SELL,3,2,2018-08-14T05:06:16.225,2018-08-14T05:06:16.234
choice-moving,Surfer13@bmm,4851,325,6173,6173,651,NULL,1012028,1012027,1012027,1011989,LIMIT,SELL,1,2,2018-08-14T05:06:16.229,2018-08-14T05:06:16.234
choice-moving,Surfer13@bmm,4851,325,6173,6173,651,NULL,1012029,1012027,1012027,1011991,LIMIT,SELL,1,2,2018-08-14T05:06:16.230,2018-08-14T05:06:16.234
choice-moving,Surfer13@bmm,4851,325,6173,6173,651,NULL,1012030,1012027,1012027,1011992,LIMIT,SELL,1,2,2018-08-14T05:06:16.232,2018-08-14T05:06:16.235
choice-moving,Surfer14@bmm,4852,325,6173,6173,653,NULL,1012031,1012031,1012031,1012059,LIMIT,SELL,1,4,2018-08-14T05:06:17.130,2018-08-14T05:07:04.021
choice-moving,Surfer17@bmm,4855,325,6173,6173,653,NULL,1012032,1012032,1012032,NULL,LIMIT,SELL,4,1,2018-08-14T05:06:18.001,2018-08-14T05:06:18.003
choice-moving,Surfer8@bmm,4846,325,6173,6173,651,NULL,1012033,1012033,1012033,1011994,LIMIT,SELL,1,2,2018-08-14T05:06:20.021,2018-08-14T05:06:20.026
choice-moving,Surfer7@bmm,4845,325,6173,6173,653,NULL,1012034,1011997,1011997,1011997,CANCEL,SELL,1,5,2018-08-14T05:06:21.543,2018-08-14T05:06:21.546
choice-moving,Surfer14@bmm,4852,325,6173,6173,650,NULL,1012035,1012035,1012035,1012036,LIMIT,SELL,1,100,2018-08-14T05:06:24.723,2018-08-14T05:06:24.731
choice-moving,Surfer4@bmm,4842,325,6173,6173,650,NULL,1012036,1011782,1011937,1012035,LIMIT,BUY,1,100,2018-08-14T05:06:24.727,2018-08-14T05:06:24.731
choice-moving,Surfer4@bmm,4842,325,6173,6173,650,NULL,1012037,1011782,1011937,NULL,LIMIT,BUY,1,100,2018-08-14T05:03:09.757,2018-08-14T05:06:24.731
choice-moving,Surfer8@bmm,4846,325,6173,6173,651,NULL,1012038,1012038,1012038,1011996,LIMIT,SELL,1,2,2018-08-14T05:06:25.961,2018-08-14T05:06:25.965
choice-moving,Surfer1@bmm,4839,325,6173,6173,651,NULL,1012039,1012020,1012020,1012020,CANCEL,SELL,1,3,2018-08-14T05:06:26.929,2018-08-14T05:06:26.933
choice-moving,Surfer18@bmm,4856,325,6173,6173,651,NULL,1012040,1012040,1012040,1011998,LIMIT,SELL,1,2,2018-08-14T05:06:28.584,2018-08-14T05:06:28.589
choice-moving,Surfer10@bmm,4848,325,6173,6173,652,NULL,1012041,1011944,1011944,1011944,CANCEL,SELL,1,7,2018-08-14T05:06:28.745,2018-08-14T05:06:28.749
choice-moving,Surfer1@bmm,4839,325,6173,6173,651,NULL,1012042,1012042,1012042,1012000,LIMIT,SELL,1,2,2018-08-14T05:06:31.283,2018-08-14T05:06:31.288
choice-moving,Surfer10@bmm,4848,325,6173,6173,652,NULL,1012043,1012043,1012043,1012046,LIMIT,SELL,1,3,2018-08-14T05:06:33.320,2018-08-14T05:06:40.040
choice-moving,Surfer14@bmm,4852,325,6173,6173,651,NULL,1012044,1012044,1012044,1012064,LIMIT,SELL,1,19,2018-08-14T05:06:39.741,2018-08-14T05:07:12.869
choice-moving,Surfer16@bmm,4854,325,6173,6173,652,NULL,1012045,1012045,1012045,0,LIMIT,BUY,1,4,2018-08-14T05:06:40.031,2018-08-14T05:06:40.040
choice-moving,Surfer16@bmm,4854,325,6173,6173,652,NULL,1012046,1012045,1012045,1012043,LIMIT,BUY,1,3,2018-08-14T05:06:40.038,2018-08-14T05:06:40.041
choice-moving,Surfer16@bmm,4854,325,6173,6173,652,NULL,1012047,1012047,1012047,1011945,LIMIT,BUY,1,4,2018-08-14T05:06:41.059,2018-08-14T05:06:41.063
choice-moving,Surfer16@bmm,4854,325,6173,6173,652,NULL,1012048,1012048,1012048,1012012,LIMIT,BUY,1,4,2018-08-14T05:06:41.855,2018-08-14T05:06:41.860
choice-moving,Surfer13@bmm,4851,325,6173,6173,651,NULL,1012049,1011938,1011938,1011938,CANCEL,SELL,1,20,2018-08-14T05:06:45.940,2018-08-14T05:06:45.944
choice-moving,Surfer16@bmm,4854,325,6173,6173,652,NULL,1012050,1012050,1012050,NULL,LIMIT,SELL,1,18,2018-08-14T05:06:48.521,2018-08-14T05:06:48.526
choice-moving,Surfer16@bmm,4854,325,6173,6173,652,NULL,1012051,1012051,1012051,NULL,LIMIT,SELL,1,18,2018-08-14T05:06:49.219,2018-08-14T05:06:49.220
choice-moving,Surfer16@bmm,4854,325,6173,6173,652,NULL,1012052,1012052,1012052,NULL,LIMIT,SELL,1,18,2018-08-14T05:06:50.199,2018-08-14T05:06:50.201
choice-moving,Surfer13@bmm,4851,325,6173,6173,651,NULL,1012053,1012053,1012053,1012062,LIMIT,SELL,1,18,2018-08-14T05:06:51.270,2018-08-14T05:07:08.748
choice-moving,Surfer16@bmm,4854,325,6173,6173,652,NULL,1012054,1012054,1012054,NULL,LIMIT,SELL,1,18,2018-08-14T05:06:52.723,2018-08-14T05:06:52.725
choice-moving,Surfer9@bmm,4847,325,6173,6173,651,NULL,1012055,1012055,1012055,1012082,LIMIT,SELL,1,2,2018-08-14T05:06:53.658,2018-08-14T05:07:29.001
choice-moving,Surfer1@bmm,4839,325,6173,6173,653,NULL,1012056,1011779,1011779,1011779,CANCEL,SELL,1,10,2018-08-14T05:07:01.286,2018-08-14T05:07:01.289
choice-moving,Surfer14@bmm,4852,325,6173,6173,652,NULL,1012057,1012057,1012057,NULL,LIMIT,SELL,1,16,2018-08-14T05:07:01.515,2018-08-14T05:07:01.517
choice-moving,Surfer9@bmm,4847,325,6173,6173,651,NULL,1012058,1012058,1012058,1012080,LIMIT,SELL,1,2,2018-08-14T05:07:03.342,2018-08-14T05:07:27.999
choice-moving,Surfer14@bmm,4852,325,6173,6173,653,NULL,1012059,1012031,1012031,1012031,CANCEL,SELL,1,4,2018-08-14T05:07:04.017,2018-08-14T05:07:04.021
choice-moving,Surfer1@bmm,4839,325,6173,6173,653,NULL,1012060,1012060,1012060,NULL,LIMIT,SELL,1,1,2018-08-14T05:07:05.275,2018-08-14T05:07:05.277
choice-moving,Surfer9@bmm,4847,325,6173,6173,651,NULL,1012061,1012061,1012061,1012078,LIMIT,SELL,1,2,2018-08-14T05:07:08.087,2018-08-14T05:07:26.573
choice-moving,Surfer13@bmm,4851,325,6173,6173,651,NULL,1012062,1012053,1012053,1012053,CANCEL,SELL,1,18,2018-08-14T05:07:08.743,2018-08-14T05:07:08.747
choice-moving,Surfer13@bmm,4851,325,6173,6173,651,NULL,1012063,1012063,1012063,1012087,LIMIT,SELL,1,1,2018-08-14T05:07:10.265,2018-08-14T05:07:38.250
choice-moving,Surfer14@bmm,4852,325,6173,6173,651,NULL,1012064,1012044,1012044,1012044,CANCEL,SELL,1,19,2018-08-14T05:07:12.865,2018-08-14T05:07:12.869
choice-moving,Surfer9@bmm,4847,325,6173,6173,651,NULL,1012065,1012065,1012065,1012073,LIMIT,SELL,1,0,2018-08-14T05:07:14.086,2018-08-14T05:07:22.552
choice-moving,Surfer16@bmm,4854,325,6173,6173,651,NULL,1012066,1012066,1012066,NULL,LIMIT,SELL,1,14,2018-08-14T05:07:14.598,2018-08-14T05:07:14.600
choice-moving,Surfer14@bmm,4852,325,6173,6173,651,NULL,1012067,1012067,1012067,1012072,LIMIT,SELL,1,0,2018-08-14T05:07:17.452,2018-08-14T05:07:20.882
choice-moving,Surfer12@bmm,4850,325,6173,6173,651,NULL,1012068,1012068,1012068,1012088,LIMIT,SELL,1,1,2018-08-14T05:07:19.814,2018-08-14T05:07:38.250
choice-moving,Surfer12@bmm,4850,325,6173,6173,651,NULL,1012069,1012069,1012069,1012089,LIMIT,SELL,1,1,2018-08-14T05:07:19.991,2018-08-14T05:07:38.251
choice-moving,Surfer12@bmm,4850,325,6173,6173,651,NULL,1012070,1012070,1012070,NULL,LIMIT,SELL,1,1,2018-08-14T05:07:20.039,2018-08-14T05:07:20.041
choice-moving,Surfer12@bmm,4850,325,6173,6173,651,NULL,1012071,1012071,1012071,NULL,LIMIT,SELL,1,1,2018-08-14T05:07:20.048,2018-08-14T05:07:20.049
choice-moving,Surfer14@bmm,4852,325,6173,6173,651,NULL,1012072,1012067,1012067,1012067,CANCEL,SELL,1,0,2018-08-14T05:07:20.879,2018-08-14T05:07:20.882
choice-moving,Surfer8@bmm,4846,325,6173,6173,651,NULL,1012073,1012073,1012073,1012065,LIMIT,BUY,1,0,2018-08-14T05:07:22.547,2018-08-14T05:07:22.552
choice-moving,Surfer16@bmm,4854,325,6173,6173,652,NULL,1012074,1012074,1012074,NULL,LIMIT,SELL,1,15,2018-08-14T05:07:23.571,2018-08-14T05:07:23.573
choice-moving,Surfer14@bmm,4852,325,6173,6173,651,NULL,1012075,1012075,1012075,1012081,LIMIT,BUY,1,0,2018-08-14T05:07:24.008,2018-08-14T05:07:28.326
choice-moving,Surfer19@bmm,4857,325,6173,6173,653,NULL,1012076,1011732,1011732,1011732,CANCEL,SELL,4,100,2018-08-14T05:07:25.748,2018-08-14T05:07:25.752
choice-moving,Surfer13@bmm,4851,325,6173,6173,650,NULL,1012077,1011693,1011693,1011693,CANCEL,BUY,3,93,2018-08-14T05:07:26.424,2018-08-14T05:07:26.427
choice-moving,Surfer9@bmm,4847,325,6173,6173,651,NULL,1012078,1012061,1012061,1012061,CANCEL,SELL,1,2,2018-08-14T05:07:26.570,2018-08-14T05:07:26.573
choice-moving,Surfer17@bmm,4855,325,6173,6173,653,NULL,1012079,1012079,1012079,1012091,LIMIT,BUY,4,0,2018-08-14T05:07:27.453,2018-08-14T05:07:44.819
choice-moving,Surfer9@bmm,4847,325,6173,6173,651,NULL,1012080,1012058,1012058,1012058,CANCEL,SELL,1,2,2018-08-14T05:07:27.995,2018-08-14T05:07:27.998
choice-moving,Surfer8@bmm,4846,325,6173,6173,651,NULL,1012081,1012081,1012081,1012075,LIMIT,SELL,1,0,2018-08-14T05:07:28.321,2018-08-14T05:07:28.326
choice-moving,Surfer9@bmm,4847,325,6173,6173,651,NULL,1012082,1012055,1012055,1012055,CANCEL,SELL,1,2,2018-08-14T05:07:28.997,2018-08-14T05:07:29
choice-moving,Surfer13@bmm,4851,325,6173,6173,653,NULL,1012083,1011715,1011715,1011743,CANCEL,SELL,1,18,2018-08-14T05:07:32.040,2018-08-14T05:07:32.045
choice-moving,Surfer19@bmm,4857,325,6173,6173,651,NULL,1012084,1012007,1012007,1012007,CANCEL,SELL,4,100,2018-08-14T05:07:33.815,2018-08-14T05:07:33.818
choice-moving,Surfer17@bmm,4855,325,6173,6173,651,NULL,1012085,1012085,1012085,NULL,LIMIT,BUY,1,0,2018-08-14T05:07:37.616,2018-08-14T05:07:37.618
choice-moving,Surfer14@bmm,4852,325,6173,6173,651,NULL,1012086,1012086,1012086,0,LIMIT,BUY,3,8,2018-08-14T05:07:38.241,2018-08-14T05:07:38.250
choice-moving,Surfer14@bmm,4852,325,6173,6173,651,NULL,1012087,1012086,1012086,1012063,LIMIT,BUY,1,1,2018-08-14T05:07:38.245,2018-08-14T05:07:38.250
choice-moving,Surfer14@bmm,4852,325,6173,6173,651,NULL,1012088,1012086,1012086,1012068,LIMIT,BUY,1,1,2018-08-14T05:07:38.247,2018-08-14T05:07:38.250
choice-moving,Surfer14@bmm,4852,325,6173,6173,651,NULL,1012089,1012086,1012086,1012069,LIMIT,BUY,1,1,2018-08-14T05:07:38.248,2018-08-14T05:07:38.251
choice-moving,Surfer13@bmm,4851,325,6173,6173,653,NULL,1012090,1011708,1011708,1011708,CANCEL,SELL,2,41,2018-08-14T05:07:39.909,2018-08-14T05:07:39.913
choice-moving,Surfer19@bmm,4857,325,6173,6173,653,NULL,1012091,1012091,1012091,1012079,LIMIT,SELL,4,0,2018-08-14T05:07:44.814,2018-08-14T05:07:44.819
# orders -- end



# final holdings -- begin
account,email,owner,marketplace,session,cash,Security 361,Security 468,Security 489,Security 532
choice-moving,Surfer1@bmm,4839,325,6173,975,0,0,0,2
choice-moving,Surfer2@bmm,4840,325,6173,821,4,0,0,0
choice-moving,Surfer3@bmm,4841,325,6173,907,0,0,0,0
choice-moving,Surfer4@bmm,4842,325,6173,225,10,0,0,0
choice-moving,Surfer5@bmm,4843,325,6173,803,0,1,0,4
choice-moving,Surfer6@bmm,4844,325,6173,823,4,0,0,0
choice-moving,Surfer7@bmm,4845,325,6173,1011,0,2,0,1
choice-moving,Surfer8@bmm,4846,325,6173,958,0,0,0,0
choice-moving,Surfer9@bmm,4847,325,6173,779,0,5,0,11
choice-moving,Surfer10@bmm,4848,325,6173,810,4,0,0,0
choice-moving,Surfer11@bmm,4849,325,6173,809,0,2,0,3
choice-moving,Surfer12@bmm,4850,325,6173,2,8,2,4,0
choice-moving,Surfer13@bmm,4851,325,6173,825,0,0,0,3
choice-moving,Surfer14@bmm,4852,325,6173,872,1,11,5,8
choice-moving,Surfer15@bmm,4853,325,6173,1204,0,0,0,0
choice-moving,Surfer16@bmm,4854,325,6173,1068,0,13,27,0
choice-moving,Surfer17@bmm,4855,325,6173,950,0,0,0,8
choice-moving,Surfer18@bmm,4856,325,6173,658,4,0,0,0
choice-moving,Surfer19@bmm,4857,325,6173,700,1,4,0,0
choice-moving,Surfer20@bmm,4858,325,6173,800,4,0,4,0
choice-moving,Surfer21@bmm,4859,325,6173,800,0,4,0,4
choice-moving,Surfer22@bmm,4860,325,6173,800,4,0,4,0
choice-moving,Surfer23@bmm,4954,325,6173,800,0,4,0,4
choice-moving,Surfer24@bmm,4955,325,6173,800,4,0,4,0
choice-moving,Surfer25@bmm,4956,325,6173,800,0,4,0,4
# final holdings -- end
