# initial holdings -- begin
account,email,owner,marketplace,session,cash,Security 361,Security 468,Security 489,Security 532
choice-moving,Surfer1@bmm,4839,325,6173,800,0,4,0,4
choice-moving,Surfer2@bmm,4840,325,6173,800,4,0,4,0
choice-moving,Surfer3@bmm,4841,325,6173,800,0,4,0,4
choice-moving,Surfer4@bmm,4842,325,6173,800,4,0,4,0
choice-moving,Surfer5@bmm,4843,325,6173,800,0,4,0,4
choice-moving,Surfer6@bmm,4844,325,6173,800,4,0,4,0
choice-moving,Surfer7@bmm,4845,325,6173,800,0,4,0,4
choice-moving,Surfer8@bmm,4846,325,6173,800,4,0,4,0
choice-moving,Surfer9@bmm,4847,325,6173,800,0,4,0,4
choice-moving,Surfer10@bmm,4848,325,6173,800,4,0,4,0
choice-moving,Surfer11@bmm,4849,325,6173,800,0,4,0,4
choice-moving,Surfer12@bmm,4850,325,6173,800,4,0,4,0
choice-moving,Surfer13@bmm,4851,325,6173,800,0,4,0,4
choice-moving,Surfer14@bmm,4852,325,6173,800,4,0,4,0
choice-moving,Surfer15@bmm,4853,325,6173,800,0,4,0,4
choice-moving,Surfer16@bmm,4854,325,6173,800,4,0,4,0
choice-moving,Surfer17@bmm,4855,325,6173,800,0,4,0,4
choice-moving,Surfer18@bmm,4856,325,6173,800,4,0,4,0
choice-moving,Surfer19@bmm,4857,325,6173,800,0,4,0,4
choice-moving,Surfer20@bmm,4858,325,6173,800,4,0,4,0
choice-moving,Surfer21@bmm,4859,325,6173,800,0,4,0,4
choice-moving,Surfer22@bmm,4860,325,6173,800,4,0,4,0
choice-moving,Surfer23@bmm,4954,325,6173,800,0,4,0,4
choice-moving,Surfer24@bmm,4955,325,6173,800,4,0,4,0
choice-moving,Surfer25@bmm,4956,325,6173,800,0,4,0,4
# initial holdings -- end



# orders -- begin
account,email,owner,marketplace,session,period,market,target,order,original,supplier,consumer,type,side,units,price,createdDate,lastModifiedDate
choice-moving,Surfer14@bmm,4852,325,6173,6173,651,NULL,1011670,1011670,1011670,1011722,LIMIT,BUY,1,45,2018-08-14T05:01:11.349,2018-08-14T05:02:12.640
choice-moving,Surfer15@bmm,4853,325,6173,6173,651,NULL,1011671,1011671,1011671,0,LIMIT,SELL,4,100,2018-08-14T05:01:11.722,2018-08-14T05:01:19.207
choice-moving,Surfer12@bmm,4850,325,6173,6173,650,NULL,1011672,1011672,1011672,1011697,LIMIT,BUY,1,100,2018-08-14T05:01:12.365,2018-08-14T05:01:32.156
choice-moving,Surfer7@bmm,4845,325,6173,6173,650,NULL,1011673,1011673,1011673,1011970,LIMIT,BUY,1,79,2018-08-14T05:01:12.423,2018-08-14T05:05:31.436
choice-moving,Surfer12@bmm,4850,325,6173,6173,650,NULL,1011674,1011674,1011674,1011699,LIMIT,BUY,1,100,2018-08-14T05:01:12.604,2018-08-14T05:01:33.570
choice-moving,Surfer7@bmm,4845,325,6173,6173,650,NULL,1011675,1011675,1011675,1011966,LIMIT,BUY,1,79,2018-08-14T05:01:12.783,2018-08-14T05:05:30.705
choice-moving,Surfer14@bmm,4852,325,6173,6173,651,NULL,1011676,1011676,1011676,1011717,LIMIT,BUY,1,45,2018-08-14T05:01:12.830,2018-08-14T05:02:09.260
choice-moving,Surfer12@bmm,4850,325,6173,6173,650,NULL,1011677,1011677,1011677,1011701,LIMIT,BUY,1,100,2018-08-14T05:01:12.960,2018-08-14T05:01:34.359
choice-moving,Surfer11@bmm,4849,325,6173,6173,653,NULL,1011678,1011678,1011678,1011765,LIMIT,SELL,1,88,2018-08-14T05:01:13.308,2018-08-14T05:02:52.178
choice-moving,Surfer12@bmm,4850,325,6173,6173,650,NULL,1011679,1011679,1011679,1011703,LIMIT,BUY,1,100,2018-08-14T05:01:13.694,2018-08-14T05:01:35.144
choice-moving,Surfer15@bmm,4853,325,6173,6173,653,NULL,1011680,1011680,1011680,1011769,LIMIT,SELL,4,100,2018-08-14T05:01:17.934,2018-08-14T05:02:56.116
choice-moving,Surfer12@bmm,4850,325,6173,6173,651,NULL,1011681,1011681,1011681,1011682,LIMIT,BUY,1,100,2018-08-14T05:01:19.199,2018-08-14T05:01:19.207
choice-moving,Surfer15@bmm,4853,325,6173,6173,651,NULL,1011682,1011671,1011671,1011681,LIMIT,SELL,1,100,2018-08-14T05:01:19.204,2018-08-14T05:01:19.208
choice-moving,Surfer15@bmm,4853,325,6173,6173,651,NULL,1011683,1011671,1011671,0,LIMIT,SELL,3,100,2018-08-14T05:01:11.722,2018-08-14T05:01:19.856
choice-moving,Surfer18@bmm,4856,325,6173,6173,651,NULL,1011684,1011684,1011684,1011685,LIMIT,BUY,1,100,2018-08-14T05:01:19.848,2018-08-14T05:01:19.856
choice-moving,Surfer15@bmm,4853,325,6173,6173,651,NULL,1011685,1011671,1011683,1011684,LIMIT,SELL,1,100,2018-08-14T05:01:19.852,2018-08-14T05:01:19.856
choice-moving,Surfer15@bmm,4853,325,6173,6173,651,NULL,1011686,1011671,1011683,0,LIMIT,SELL,2,100,2018-08-14T05:01:11.722,2018-08-14T05:01:20.618
choice-moving,Surfer12@bmm,4850,325,6173,6173,651,NULL,1011687,1011687,1011687,1011688,LIMIT,BUY,1,100,2018-08-14T05:01:20.607,2018-08-14T05:01:20.618
choice-moving,Surfer15@bmm,4853,325,6173,6173,651,NULL,1011688,1011671,1011686,1011687,LIMIT,SELL,1,100,2018-08-14T05:01:20.614,2018-08-14T05:01:20.619
choice-moving,Surfer15@bmm,4853,325,6173,6173,651,NULL,1011689,1011671,1011686,1011690,LIMIT,SELL,1,100,2018-08-14T05:01:11.722,2018-08-14T05:01:20.640
choice-moving,Surfer18@bmm,4856,325,6173,6173,651,NULL,1011690,1011690,1011690,1011689,LIMIT,BUY,1,100,2018-08-14T05:01:20.636,2018-08-14T05:01:20.640
choice-moving,Surfer5@bmm,4843,325,6173,6173,650,NULL,1011691,1011691,1011691,NULL,LIMIT,BUY,1,85,2018-08-14T05:01:20.771,2018-08-14T05:01:20.772
choice-moving,Surfer18@bmm,4856,325,6173,6173,651,NULL,1011692,1011692,1011692,1011724,LIMIT,BUY,1,100,2018-08-14T05:01:21.191,2018-08-14T05:02:16.409
choice-moving,Surfer13@bmm,4851,325,6173,6173,650,NULL,1011693,1011693,1011693,1012077,LIMIT,BUY,3,93,2018-08-14T05:01:21.380,2018-08-14T05:07:26.428
choice-moving,Surfer14@bmm,4852,325,6173,6173,652,NULL,1011694,1011694,1011694,1011707,LIMIT,BUY,1,22,2018-08-14T05:01:21.529,2018-08-14T05:01:49.328
choice-moving,Surfer12@bmm,4850,325,6173,6173,651,NULL,1011695,1011695,1011695,1011725,LIMIT,BUY,1,100,2018-08-14T05:01:22.205,2018-08-14T05:02:17.418
choice-moving,Surfer16@bmm,4854,325,6173,6173,650,NULL,1011696,1011696,1011696,0,LIMIT,SELL,1,1,2018-08-14T05:01:32.149,2018-08-14T05:01:32.156
choice-moving,Surfer16@bmm,4854,325,6173,6173,650,NULL,1011697,1011696,1011696,1011672,LIMIT,SELL,1,100,2018-08-14T05:01:32.154,2018-08-14T05:01:32.156
choice-moving,Surfer16@bmm,4854,325,6173,6173,650,NULL,1011698,1011698,1011698,0,LIMIT,SELL,1,1,2018-08-14T05:01:33.562,2018-08-14T05:01:33.570
choice-moving,Surfer16@bmm,4854,325,6173,6173,650,NULL,1011699,1011698,1011698,1011674,LIMIT,SELL,1,100,2018-08-14T05:01:33.568,2018-08-14T05:01:33.570
choice-moving,Surfer16@bmm,4854,325,6173,6173,650,NULL,1011700,1011700,1011700,0,LIMIT,SELL,1,1,2018-08-14T05:01:34.351,2018-08-14T05:01:34.359
choice-moving,Surfer16@bmm,4854,325,6173,6173,650,NULL,1011701,1011700,1011700,1011677,LIMIT,SELL,1,100,2018-08-14T05:01:34.357,2018-08-14T05:01:34.359
choice-moving,Surfer16@bmm,4854,325,6173,6173,650,NULL,1011702,1011702,1011702,0,LIMIT,SELL,1,1,2018-08-14T05:01:35.138,2018-08-14T05:01:35.144
choice-moving,Surfer16@bmm,4854,325,6173,6173,650,NULL,1011703,1011702,1011702,1011679,LIMIT,SELL,1,100,2018-08-14T05:01:35.142,2018-08-14T05:01:35.144
choice-moving,Surfer13@bmm,4851,325,6173,6173,653,NULL,1011704,1011704,1011704,1011714,LIMIT,SELL,2,97,2018-08-14T05:01:38.919,2018-08-14T05:02:04.987
choice-moving,Surfer7@bmm,4845,325,6173,6173,653,NULL,1011705,1011705,1011705,1011713,LIMIT,SELL,1,50,2018-08-14T05:01:44.400,2018-08-14T05:02:04.874
choice-moving,Surfer16@bmm,4854,325,6173,6173,652,NULL,1011706,1011706,1011706,1011727,LIMIT,BUY,1,1,2018-08-14T05:01:49.001,2018-08-14T05:02:18.039
choice-moving,Surfer8@bmm,4846,325,6173,6173,652,NULL,1011707,1011707,1011707,1011694,LIMIT,SELL,1,22,2018-08-14T05:01:49.322,2018-08-14T05:01:49.327
choice-moving,Surfer13@bmm,4851,325,6173,6173,653,NULL,1011708,1011708,1011708,1012090,LIMIT,SELL,2,41,2018-08-14T05:01:51.487,2018-08-14T05:07:39.913
choice-moving,Surfer16@bmm,4854,325,6173,6173,652,NULL,1011709,1011709,1011709,1011737,LIMIT,BUY,1,1,2018-08-14T05:01:52.347,2018-08-14T05:02:28.089
choice-moving,Surfer18@bmm,4856,325,6173,6173,652,NULL,1011710,1011710,1011710,1011907,LIMIT,SELL,1,80,2018-08-14T05:01:56.603,2018-08-14T05:04:33.111
choice-moving,Surfer17@bmm,4855,325,6173,6173,653,NULL,1011711,1011711,1011711,1012018,LIMIT,SELL,3,33,2018-08-14T05:02:01.014,2018-08-14T05:06:10.449
choice-moving,Surfer10@bmm,4848,325,6173,6173,652,NULL,1011712,1011712,1011712,1011920,LIMIT,SELL,1,60,2018-08-14T05:02:02.932,2018-08-14T05:04:52.117
choice-moving,Surfer7@bmm,4845,325,6173,6173,653,NULL,1011713,1011705,1011705,1011705,CANCEL,SELL,1,50,2018-08-14T05:02:04.868,2018-08-14T05:02:04.874
choice-moving,Surfer13@bmm,4851,325,6173,6173,653,NULL,1011714,1011704,1011704,1011704,CANCEL,SELL,2,97,2018-08-14T05:02:04.983,2018-08-14T05:02:04.987
choice-moving,Surfer13@bmm,4851,325,6173,6173,653,NULL,1011715,1011715,1011715,0,LIMIT,SELL,2,18,2018-08-14T05:02:07.983,2018-08-14T05:02:32.234
choice-moving,Surfer2@bmm,4840,325,6173,6173,652,NULL,1011716,1011716,1011716,1011747,LIMIT,SELL,1,10,2018-08-14T05:02:08.170,2018-08-14T05:02:39.013
choice-moving,Surfer14@bmm,4852,325,6173,6173,651,NULL,1011717,1011676,1011676,1011676,CANCEL,BUY,1,45,2018-08-14T05:02:09.256,2018-08-14T05:02:09.260
choice-moving,Surfer7@bmm,4845,325,6173,6173,653,NULL,1011718,1011718,1011718,1011836,LIMIT,SELL,1,20,2018-08-14T05:02:10.398,2018-08-14T05:03:44.127
choice-moving,Surfer7@bmm,4845,325,6173,6173,653,NULL,1011719,1011719,1011719,1011834,LIMIT,SELL,1,20,2018-08-14T05:02:10.651,2018-08-14T05:03:43.174
choice-moving,Surfer7@bmm,4845,325,6173,6173,653,NULL,1011720,1011720,1011720,1011833,LIMIT,SELL,1,20,2018-08-14T05:02:10.921,2018-08-14T05:03:42.477
choice-moving,Surfer7@bmm,4845,325,6173,6173,653,NULL,1011721,1011721,1011721,1011832,LIMIT,SELL,1,20,2018-08-14T05:02:11.200,2018-08-14T05:03:41.616
choice-moving,Surfer14@bmm,4852,325,6173,6173,651,NULL,1011722,1011670,1011670,1011670,CANCEL,BUY,1,45,2018-08-14T05:02:12.636,2018-08-14T05:02:12.640
choice-moving,Surfer18@bmm,4856,325,6173,6173,652,NULL,1011723,1011723,1011723,1011930,LIMIT,SELL,1,51,2018-08-14T05:02:14.010,2018-08-14T05:04:57.224
choice-moving,Surfer1@bmm,4839,325,6173,6173,651,NULL,1011724,1011724,1011724,1011692,LIMIT,SELL,1,100,2018-08-14T05:02:16.404,2018-08-14T05:02:16.409
choice-moving,Surfer7@bmm,4845,325,6173,6173,651,NULL,1011725,1011725,1011725,1011695,LIMIT,SELL,1,100,2018-08-14T05:02:17.412,2018-08-14T05:02:17.418
choice-moving,Surfer3@bmm,4841,325,6173,6173,653,NULL,1011726,1011726,1011726,1011740,LIMIT,SELL,1,1,2018-08-14T05:02:17.832,2018-08-14T05:02:32.234
choice-moving,Surfer2@bmm,4840,325,6173,6173,652,NULL,1011727,1011727,1011727,1011706,LIMIT,SELL,1,1,2018-08-14T05:02:18.033,2018-08-14T05:02:18.038
choice-moving,Surfer14@bmm,4852,325,6173,6173,651,NULL,1011728,1011728,1011728,1011729,LIMIT,BUY,1,100,2018-08-14T05:02:18.086,2018-08-14T05:02:19.321
choice-moving,Surfer7@bmm,4845,325,6173,6173,651,NULL,1011729,1011729,1011729,1011728,LIMIT,SELL,1,100,2018-08-14T05:02:19.317,2018-08-14T05:02:19.321
choice-moving,Surfer18@bmm,4856,325,6173,6173,652,NULL,1011730,1011730,1011730,1011860,LIMIT,SELL,1,12,2018-08-14T05:02:19.799,2018-08-14T05:03:51.670
choice-moving,Surfer17@bmm,4855,325,6173,6173,651,NULL,1011731,1011731,1011731,0,LIMIT,SELL,2,100,2018-08-14T05:02:20.074,2018-08-14T05:02:27.184
choice-moving,Surfer19@bmm,4857,325,6173,6173,653,NULL,1011732,1011732,1011732,1012076,LIMIT,SELL,4,100,2018-08-14T05:02:20.790,2018-08-14T05:07:25.752
choice-moving,Surfer5@bmm,4843,325,6173,6173,653,NULL,1011733,1011733,1011733,NULL,LIMIT,SELL,1,85,2018-08-14T05:02:23.494,2018-08-14T05:02:23.496
choice-moving,Surfer12@bmm,4850,325,6173,6173,651,NULL,1011734,1011734,1011734,1011735,LIMIT,BUY,1,100,2018-08-14T05:02:27.176,2018-08-14T05:02:27.184
choice-moving,Surfer17@bmm,4855,325,6173,6173,651,NULL,1011735,1011731,1011731,1011734,LIMIT,SELL,1,100,2018-08-14T05:02:27.180,2018-08-14T05:02:27.184
choice-moving,Surfer17@bmm,4855,325,6173,6173,651,NULL,1011736,1011731,1011731,1011909,LIMIT,SELL,1,100,2018-08-14T05:02:20.074,2018-08-14T05:04:39.216
choice-moving,Surfer6@bmm,4844,325,6173,6173,652,NULL,1011737,1011737,1011737,1011709,LIMIT,SELL,1,1,2018-08-14T05:02:28.085,2018-08-14T05:02:28.089
choice-moving,Surfer4@bmm,4842,325,6173,6173,652,NULL,1011738,1011738,1011738,0,LIMIT,SELL,4,9,2018-08-14T05:02:32.039,2018-08-14T05:02:45.865
choice-moving,Surfer14@bmm,4852,325,6173,6173,653,NULL,1011739,1011739,1011739,0,LIMIT,BUY,2,30,2018-08-14T05:02:32.221,2018-08-14T05:02:32.234
choice-moving,Surfer14@bmm,4852,325,6173,6173,653,NULL,1011740,1011739,1011739,1011726,LIMIT,BUY,1,1,2018-08-14T05:02:32.226,2018-08-14T05:02:32.234
choice-moving,Surfer14@bmm,4852,325,6173,6173,653,NULL,1011741,1011739,1011739,1011742,LIMIT,BUY,1,18,2018-08-14T05:02:32.229,2018-08-14T05:02:32.234
choice-moving,Surfer13@bmm,4851,325,6173,6173,653,NULL,1011742,1011715,1011715,1011741,LIMIT,SELL,1,18,2018-08-14T05:02:32.230,2018-08-14T05:02:32.234
choice-moving,Surfer13@bmm,4851,325,6173,6173,653,NULL,1011743,1011715,1011715,1012083,LIMIT,SELL,1,18,2018-08-14T05:02:07.983,2018-08-14T05:07:32.046
choice-moving,Surfer17@bmm,4855,325,6173,6173,651,NULL,1011744,1011744,1011744,1011864,LIMIT,SELL,2,100,2018-08-14T05:02:34.105,2018-08-14T05:03:53.158
choice-moving,Surfer19@bmm,4857,325,6173,6173,651,NULL,1011745,1011745,1011745,1011999,LIMIT,SELL,4,100,2018-08-14T05:02:34.729,2018-08-14T05:05:47.419
choice-moving,Surfer2@bmm,4840,325,6173,6173,652,NULL,1011746,1011746,1011746,1011756,LIMIT,SELL,1,7,2018-08-14T05:02:35.113,2018-08-14T05:02:45.855
choice-moving,Surfer2@bmm,4840,325,6173,6173,652,NULL,1011747,1011716,1011716,1011716,CANCEL,SELL,1,10,2018-08-14T05:02:39.009,2018-08-14T05:02:39.013
choice-moving,Surfer16@bmm,4854,325,6173,6173,651,NULL,1011748,1011748,1011748,1011953,LIMIT,BUY,1,1,2018-08-14T05:02:39.131,2018-08-14T05:05:20.801
choice-moving,Surfer1@bmm,4839,325,6173,6173,650,NULL,1011749,1011749,1011749,NULL,LIMIT,BUY,1,85,2018-08-14T05:02:41.126,2018-08-14T05:02:41.128
choice-moving,Surfer14@bmm,4852,325,6173,6173,650,NULL,1011750,1011750,1011750,1011764,LIMIT,SELL,1,100,2018-08-14T05:02:41.562,2018-08-14T05:02:48.923
choice-moving,Surfer3@bmm,4841,325,6173,6173,651,NULL,1011751,1011751,1011751,1011811,LIMIT,SELL,1,64,2018-08-14T05:02:42.832,2018-08-14T05:03:31.675
choice-moving,Surfer8@bmm,4846,325,6173,6173,650,NULL,1011752,1011752,1011752,NULL,LIMIT,BUY,1,5,2018-08-14T05:02:43.565,2018-08-14T05:02:43.567
choice-moving,Surfer16@bmm,4854,325,6173,6173,651,NULL,1011753,1011753,1011753,1011965,LIMIT,BUY,1,1,2018-08-14T05:02:43.944,2018-08-14T05:05:29.358
choice-moving,Surfer16@bmm,4854,325,6173,6173,651,NULL,1011754,1011754,1011754,1011971,LIMIT,BUY,1,1,2018-08-14T05:02:44.857,2018-08-14T05:05:31.623
choice-moving,Surfer4@bmm,4842,325,6173,6173,652,NULL,1011755,1011755,1011755,0,LIMIT,BUY,4,9,2018-08-14T05:02:45.845,2018-08-14T05:02:45.855
choice-moving,Surfer4@bmm,4842,325,6173,6173,652,NULL,1011756,1011755,1011755,1011746,LIMIT,BUY,1,7,2018-08-14T05:02:45.849,2018-08-14T05:02:45.855
choice-moving,Surfer4@bmm,4842,325,6173,6173,652,NULL,1011757,1011755,1011755,1011758,LIMIT,BUY,3,9,2018-08-14T05:02:45.852,2018-08-14T05:02:45.856
choice-moving,Surfer4@bmm,4842,325,6173,6173,652,NULL,1011758,1011738,1011738,1011757,LIMIT,SELL,3,9,2018-08-14T05:02:45.853,2018-08-14T05:02:45.856
choice-moving,Surfer4@bmm,4842,325,6173,6173,652,NULL,1011759,1011738,1011738,1011790,LIMIT,SELL,1,9,2018-08-14T05:02:32.039,2018-08-14T05:03:18.819
choice-moving,Surfer16@bmm,4854,325,6173,6173,651,NULL,1011760,1011760,1011760,1011974,LIMIT,BUY,1,1,2018-08-14T05:02:46.232,2018-08-14T05:05:32.856
choice-moving,Surfer18@bmm,4856,325,6173,6173,651,NULL,1011761,1011761,1011761,1011829,LIMIT,SELL,1,82,2018-08-14T05:02:46.873,2018-08-14T05:03:39.588
choice-moving,Surfer16@bmm,4854,325,6173,6173,651,NULL,1011762,1011762,1011762,1011975,LIMIT,BUY,1,1,2018-08-14T05:02:48.745,2018-08-14T05:05:33.275
choice-moving,Surfer4@bmm,4842,325,6173,6173,650,NULL,1011763,1011763,1011763,1011767,LIMIT,BUY,1,0,2018-08-14T05:02:48.749,2018-08-14T05:02:53.118
choice-moving,Surfer19@bmm,4857,325,6173,6173,650,NULL,1011764,1011764,1011764,1011750,LIMIT,BUY,1,100,2018-08-14T05:02:48.858,2018-08-14T05:02:48.922
choice-moving,Surfer11@bmm,4849,325,6173,6173,653,NULL,1011765,1011678,1011678,1011678,CANCEL,SELL,1,88,2018-08-14T05:02:52.173,2018-08-14T05:02:52.177
choice-moving,Surfer2@bmm,4840,325,6173,6173,652,NULL,1011766,1011766,1011766,1011819,LIMIT,SELL,1,7,2018-08-14T05:02:52.528,2018-08-14T05:03:33.979
choice-moving,Surfer4@bmm,4842,325,6173,6173,650,NULL,1011767,1011763,1011763,1011763,CANCEL,BUY,1,0,2018-08-14T05:02:53.113,2018-08-14T05:02:53.118
choice-moving,Surfer12@bmm,4850,325,6173,6173,652,NULL,1011768,1011768,1011768,0,LIMIT,SELL,4,1,2018-08-14T05:02:54.976,2018-08-14T05:03:31.360
choice-moving,Surfer15@bmm,4853,325,6173,6173,653,NULL,1011769,1011680,1011680,1011680,CANCEL,SELL,4,100,2018-08-14T05:02:56.112,2018-08-14T05:02:56.116
choice-moving,Surfer8@bmm,4846,325,6173,6173,651,NULL,1011770,1011770,1011770,1011949,LIMIT,BUY,1,2,2018-08-14T05:02:57.344,2018-08-14T05:05:17.935
choice-moving,Surfer7@bmm,4845,325,6173,6173,650,NULL,1011771,1011771,1011771,1011973,LIMIT,BUY,1,95,2018-08-14T05:02:57.831,2018-08-14T05:05:32.635
choice-moving,Surfer1@bmm,4839,325,6173,6173,651,NULL,1011772,1011772,1011772,1011821,LIMIT,SELL,1,68,2018-08-14T05:02:58.112,2018-08-14T05:03:35.212
choice-moving,Surfer4@bmm,4842,325,6173,6173,650,NULL,1011773,1011773,1011773,0,LIMIT,BUY,3,100,2018-08-14T05:03:00.429,2018-08-14T05:04:24.981
choice-moving,Surfer16@bmm,4854,325,6173,6173,652,NULL,1011774,1011774,1011774,1011784,LIMIT,SELL,1,1,2018-08-14T05:03:01.482,2018-08-14T05:03:12.683
choice-moving,Surfer3@bmm,4841,325,6173,6173,651,NULL,1011775,1011775,1011775,1011783,LIMIT,SELL,1,15,2018-08-14T05:03:02.815,2018-08-14T05:03:10.731
choice-moving,Surfer5@bmm,4843,325,6173,6173,653,NULL,1011776,1011776,1011776,NULL,LIMIT,SELL,1,28,2018-08-14T05:03:04.779,2018-08-14T05:03:04.781
choice-moving,Surfer15@bmm,4853,325,6173,6173,653,NULL,1011777,1011777,1011777,1011831,LIMIT,SELL,4,17,2018-08-14T05:03:05.632,2018-08-14T05:03:41.504
choice-moving,Surfer18@bmm,4856,325,6173,6173,651,NULL,1011778,1011778,1011778,1011801,LIMIT,SELL,1,59,2018-08-14T05:03:06.841,2018-08-14T05:03:26.179
choice-moving,Surfer1@bmm,4839,325,6173,6173,653,NULL,1011779,1011779,1011779,1012056,LIMIT,SELL,1,10,2018-08-14T05:03:07.020,2018-08-14T05:07:01.290
choice-moving,Surfer8@bmm,4846,325,6173,6173,651,NULL,1011780,1011780,1011780,1011781,LIMIT,BUY,1,14,2018-08-14T05:03:07.506,2018-08-14T05:03:09.622
choice-moving,Surfer8@bmm,4846,325,6173,6173,651,NULL,1011781,1011780,1011780,1011780,CANCEL,BUY,1,14,2018-08-14T05:03:09.618,2018-08-14T05:03:09.622
choice-moving,Surfer4@bmm,4842,325,6173,6173,650,NULL,1011782,1011782,1011782,0,LIMIT,BUY,4,100,2018-08-14T05:03:09.757,2018-08-14T05:04:59.766
choice-moving,Surfer8@bmm,4846,325,6173,6173,651,NULL,1011783,1011783,1011783,1011775,LIMIT,BUY,1,15,2018-08-14T05:03:10.727,2018-08-14T05:03:10.731
choice-moving,Surfer16@bmm,4854,325,6173,6173,652,NULL,1011784,1011774,1011774,1011774,CANCEL,SELL,1,1,2018-08-14T05:03:12.679,2018-08-14T05:03:12.683
choice-moving,Surfer3@bmm,4841,325,6173,6173,651,NULL,1011785,1011785,1011785,1011791,LIMIT,SELL,1,15,2018-08-14T05:03:13.280,2018-08-14T05:03:18.994
choice-moving,Surfer1@bmm,4839,325,6173,6173,653,NULL,1011786,1011786,1011786,NULL,LIMIT,SELL,1,9,2018-08-14T05:03:13.795,2018-08-14T05:03:13.797
choice-moving,Surfer11@bmm,4849,325,6173,6173,653,NULL,1011787,1011787,1011787,1011941,LIMIT,SELL,1,3,2018-08-14T05:03:15.095,2018-08-14T05:05:02.954
choice-moving,Surfer5@bmm,4843,325,6173,6173,653,NULL,1011788,1011788,1011788,NULL,LIMIT,SELL,1,23,2018-08-14T05:03:17.166,2018-08-14T05:03:17.168
choice-moving,Surfer17@bmm,4855,325,6173,6173,653,NULL,1011789,1011789,1011789,1011922,LIMIT,SELL,1,2,2018-08-14T05:03:17.958,2018-08-14T05:04:53.917
choice-moving,Surfer4@bmm,4842,325,6173,6173,652,NULL,1011790,1011738,1011738,1011759,CANCEL,SELL,1,9,2018-08-14T05:03:18.815,2018-08-14T05:03:18.819
choice-moving,Surfer8@bmm,4846,325,6173,6173,651,NULL,1011791,1011791,1011791,1011785,LIMIT,BUY,1,15,2018-08-14T05:03:18.990,2018-08-14T05:03:18.994
choice-moving,Surfer10@bmm,4848,325,6173,6173,652,NULL,1011792,1011792,1011792,1011820,LIMIT,SELL,1,1,2018-08-14T05:03:19.178,2018-08-14T05:03:34.310
choice-moving,Surfer16@bmm,4854,325,6173,6173,651,NULL,1011793,1011793,1011793,1011969,LIMIT,BUY,1,1,2018-08-14T05:03:19.283,2018-08-14T05:05:31.288
choice-moving,Surfer1@bmm,4839,325,6173,6173,653,NULL,1011794,1011794,1011794,1011910,LIMIT,SELL,1,15,2018-08-14T05:03:19.505,2018-08-14T05:04:40.723
choice-moving,Surfer16@bmm,4854,325,6173,6173,651,NULL,1011795,1011795,1011795,1011958,LIMIT,BUY,1,1,2018-08-14T05:03:20.602,2018-08-14T05:05:25.080
choice-moving,Surfer15@bmm,4853,325,6173,6173,650,NULL,1011796,1011796,1011796,1011804,LIMIT,BUY,1,99,2018-08-14T05:03:23.271,2018-08-14T05:03:27.677
choice-moving,Surfer9@bmm,4847,325,6173,6173,653,NULL,1011797,1011797,1011797,0,LIMIT,BUY,5,1,2018-08-14T05:03:23.823,2018-08-14T05:03:45.335
choice-moving,Surfer8@bmm,4846,325,6173,6173,651,NULL,1011798,1011798,1011798,1011805,LIMIT,BUY,1,56,2018-08-14T05:03:24.136,2018-08-14T05:03:27.689
choice-moving,Surfer14@bmm,4852,325,6173,6173,651,NULL,1011799,1011799,1011799,1011802,LIMIT,BUY,1,23,2018-08-14T05:03:24.692,2018-08-14T05:03:27.113
choice-moving,Surfer1@bmm,4839,325,6173,6173,653,NULL,1011800,1011800,1011800,1011940,LIMIT,SELL,1,2,2018-08-14T05:03:25.421,2018-08-14T05:05:02.953
choice-moving,Surfer8@bmm,4846,325,6173,6173,651,NULL,1011801,1011801,1011801,1011778,LIMIT,BUY,1,59,2018-08-14T05:03:26.173,2018-08-14T05:03:26.178
choice-moving,Surfer14@bmm,4852,325,6173,6173,651,NULL,1011802,1011799,1011799,1011799,CANCEL,BUY,1,23,2018-08-14T05:03:27.108,2018-08-14T05:03:27.113
choice-moving,Surfer2@bmm,4840,325,6173,6173,651,NULL,1011803,1011803,1011803,1011865,LIMIT,BUY,1,34,2018-08-14T05:03:27.606,2018-08-14T05:03:53.848
choice-moving,Surfer15@bmm,4853,325,6173,6173,650,NULL,1011804,1011796,1011796,1011796,CANCEL,BUY,1,99,2018-08-14T05:03:27.671,2018-08-14T05:03:27.676
choice-moving,Surfer8@bmm,4846,325,6173,6173,651,NULL,1011805,1011798,1011798,1011798,CANCEL,BUY,1,56,2018-08-14T05:03:27.682,2018-08-14T05:03:27.689
choice-moving,Surfer14@bmm,4852,325,6173,6173,651,NULL,1011806,1011806,1011806,1011872,LIMIT,BUY,1,44,2018-08-14T05:03:30.889,2018-08-14T05:04:00.057
choice-moving,Surfer4@bmm,4842,325,6173,6173,652,NULL,1011807,1011807,1011807,1011842,LIMIT,SELL,1,6,2018-08-14T05:03:30.940,2018-08-14T05:03:47.204
choice-moving,Surfer16@bmm,4854,325,6173,6173,652,NULL,1011808,1011808,1011808,1011809,LIMIT,BUY,1,1,2018-08-14T05:03:31.353,2018-08-14T05:03:31.360
choice-moving,Surfer12@bmm,4850,325,6173,6173,652,NULL,1011809,1011768,1011768,1011808,LIMIT,SELL,1,1,2018-08-14T05:03:31.357,2018-08-14T05:03:31.361
choice-moving,Surfer12@bmm,4850,325,6173,6173,652,NULL,1011810,1011768,1011768,0,LIMIT,SELL,3,1,2018-08-14T05:02:54.976,2018-08-14T05:03:32.507
choice-moving,Surfer8@bmm,4846,325,6173,6173,651,NULL,1011811,1011811,1011811,1011751,LIMIT,BUY,1,64,2018-08-14T05:03:31.670,2018-08-14T05:03:31.674
choice-moving,Surfer16@bmm,4854,325,6173,6173,652,NULL,1011812,1011812,1011812,1011813,LIMIT,BUY,1,1,2018-08-14T05:03:32.500,2018-08-14T05:03:32.507
choice-moving,Surfer12@bmm,4850,325,6173,6173,652,NULL,1011813,1011768,1011810,1011812,LIMIT,SELL,1,1,2018-08-14T05:03:32.504,2018-08-14T05:03:32.507
choice-moving,Surfer12@bmm,4850,325,6173,6173,652,NULL,1011814,1011768,1011810,0,LIMIT,SELL,2,1,2018-08-14T05:02:54.976,2018-08-14T05:03:33.431
choice-moving,Surfer16@bmm,4854,325,6173,6173,652,NULL,1011815,1011815,1011815,1011816,LIMIT,BUY,1,1,2018-08-14T05:03:33.424,2018-08-14T05:03:33.431
choice-moving,Surfer12@bmm,4850,325,6173,6173,652,NULL,1011816,1011768,1011814,1011815,LIMIT,SELL,1,1,2018-08-14T05:03:33.428,2018-08-14T05:03:33.431
choice-moving,Surfer12@bmm,4850,325,6173,6173,652,NULL,1011817,1011768,1011814,1011818,LIMIT,SELL,1,1,2018-08-14T05:02:54.976,2018-08-14T05:03:33.828
choice-moving,Surfer16@bmm,4854,325,6173,6173,652,NULL,1011818,1011818,1011818,1011817,LIMIT,BUY,1,1,2018-08-14T05:03:33.824,2018-08-14T05:03:33.828
choice-moving,Surfer2@bmm,4840,325,6173,6173,652,NULL,1011819,1011766,1011766,1011766,CANCEL,SELL,1,7,2018-08-14T05:03:33.975,2018-08-14T05:03:33.978
choice-moving,Surfer16@bmm,4854,325,6173,6173,652,NULL,1011820,1011820,1011820,1011792,LIMIT,BUY,1,1,2018-08-14T05:03:34.305,2018-08-14T05:03:34.310
choice-moving,Surfer8@bmm,4846,325,6173,6173,651,NULL,1011821,1011821,1011821,1011772,LIMIT,BUY,1,68,2018-08-14T05:03:35.206,2018-08-14T05:03:35.212
choice-moving,Surfer16@bmm,4854,325,6173,6173,652,NULL,1011822,1011822,1011822,1011827,LIMIT,BUY,1,1,2018-08-14T05:03:35.613,2018-08-14T05:03:38.339
choice-moving,Surfer4@bmm,4842,325,6173,6173,652,NULL,1011823,1011823,1011823,0,LIMIT,SELL,3,6,2018-08-14T05:03:35.986,2018-08-14T05:03:47.944
choice-moving,Surfer16@bmm,4854,325,6173,6173,652,NULL,1011824,1011824,1011824,1011826,LIMIT,BUY,1,1,2018-08-14T05:03:36.089,2018-08-14T05:03:37.676
choice-moving,Surfer19@bmm,4857,325,6173,6173,650,NULL,1011825,1011825,1011825,NULL,LIMIT,BUY,7,100,2018-08-14T05:03:37.589,2018-08-14T05:03:37.591
choice-moving,Surfer16@bmm,4854,325,6173,6173,652,NULL,1011826,1011824,1011824,1011824,CANCEL,BUY,1,1,2018-08-14T05:03:37.672,2018-08-14T05:03:37.676
choice-moving,Surfer16@bmm,4854,325,6173,6173,652,NULL,1011827,1011822,1011822,1011822,CANCEL,BUY,1,1,2018-08-14T05:03:38.335,2018-08-14T05:03:38.339
choice-moving,Surfer6@bmm,4844,325,6173,6173,652,NULL,1011828,1011828,1011828,1011835,LIMIT,SELL,1,1,2018-08-14T05:03:39.512,2018-08-14T05:03:43.559
choice-moving,Surfer8@bmm,4846,325,6173,6173,651,NULL,1011829,1011829,1011829,1011761,LIMIT,BUY,1,82,2018-08-14T05:03:39.584,2018-08-14T05:03:39.588
choice-moving,Surfer2@bmm,4840,325,6173,6173,652,NULL,1011830,1011830,1011830,1011859,LIMIT,SELL,1,7,2018-08-14T05:03:39.906,2018-08-14T05:03:51.255
choice-moving,Surfer15@bmm,4853,325,6173,6173,653,NULL,1011831,1011777,1011777,1011777,CANCEL,SELL,4,17,2018-08-14T05:03:41.500,2018-08-14T05:03:41.504
choice-moving,Surfer7@bmm,4845,325,6173,6173,653,NULL,1011832,1011721,1011721,1011721,CANCEL,SELL,1,20,2018-08-14T05:03:41.612,2018-08-14T05:03:41.616
choice-moving,Surfer7@bmm,4845,325,6173,6173,653,NULL,1011833,1011720,1011720,1011720,CANCEL,SELL,1,20,2018-08-14T05:03:42.473,2018-08-14T05:03:42.477
choice-moving,Surfer7@bmm,4845,325,6173,6173,653,NULL,1011834,1011719,1011719,1011719,CANCEL,SELL,1,20,2018-08-14T05:03:43.170,2018-08-14T05:03:43.174
choice-moving,Surfer6@bmm,4844,325,6173,6173,652,NULL,1011835,1011828,1011828,1011828,CANCEL,SELL,1,1,2018-08-14T05:03:43.555,2018-08-14T05:03:43.559
choice-moving,Surfer7@bmm,4845,325,6173,6173,653,NULL,1011836,1011718,1011718,1011718,CANCEL,SELL,1,20,2018-08-14T05:03:44.123,2018-08-14T05:03:44.126
choice-moving,Surfer7@bmm,4845,325,6173,6173,653,NULL,1011837,1011837,1011837,1011838,LIMIT,SELL,1,1,2018-08-14T05:03:45.327,2018-08-14T05:03:45.335
choice-moving,Surfer9@bmm,4847,325,6173,6173,653,NULL,1011838,1011797,1011797,1011837,LIMIT,BUY,1,1,2018-08-14T05:03:45.331,2018-08-14T05:03:45.335
choice-moving,Surfer9@bmm,4847,325,6173,6173,653,NULL,1011839,1011797,1011797,1011840,LIMIT,BUY,4,1,2018-08-14T05:03:23.823,2018-08-14T05:03:46.284
choice-moving,Surfer15@bmm,4853,325,6173,6173,653,NULL,1011840,1011840,1011840,1011839,LIMIT,SELL,4,1,2018-08-14T05:03:46.279,2018-08-14T05:03:46.284
choice-moving,Surfer16@bmm,4854,325,6173,6173,652,NULL,1011841,1011841,1011841,0,LIMIT,BUY,1,12,2018-08-14T05:03:47.198,2018-08-14T05:03:47.204
choice-moving,Surfer16@bmm,4854,325,6173,6173,652,NULL,1011842,1011841,1011841,1011807,LIMIT,BUY,1,6,2018-08-14T05:03:47.202,2018-08-14T05:03:47.204
choice-moving,Surfer16@bmm,4854,325,6173,6173,652,NULL,1011843,1011843,1011843,0,LIMIT,BUY,1,12,2018-08-14T05:03:47.935,2018-08-14T05:03:47.944
choice-moving,Surfer16@bmm,4854,325,6173,6173,652,NULL,1011844,1011843,1011843,1011845,LIMIT,BUY,1,6,2018-08-14T05:03:47.939,2018-08-14T05:03:47.944
choice-moving,Surfer4@bmm,4842,325,6173,6173,652,NULL,1011845,1011823,1011823,1011844,LIMIT,SELL,1,6,2018-08-14T05:03:47.940,2018-08-14T05:03:47.944
choice-moving,Surfer4@bmm,4842,325,6173,6173,652,NULL,1011846,1011823,1011823,0,LIMIT,SELL,2,6,2018-08-14T05:03:35.986,2018-08-14T05:03:50.540
choice-moving,Surfer10@bmm,4848,325,6173,6173,652,NULL,1011847,1011847,1011847,1011851,LIMIT,SELL,1,5,2018-08-14T05:03:48.004,2018-08-14T05:03:50.125
choice-moving,Surfer1@bmm,4839,325,6173,6173,651,NULL,1011848,1011848,1011848,1011968,LIMIT,SELL,1,74,2018-08-14T05:03:48.223,2018-08-14T05:05:31.252
choice-moving,Surfer3@bmm,4841,325,6173,6173,651,NULL,1011849,1011849,1011849,1011918,LIMIT,SELL,1,86,2018-08-14T05:03:49.749,2018-08-14T05:04:50.246
choice-moving,Surfer16@bmm,4854,325,6173,6173,652,NULL,1011850,1011850,1011850,0,LIMIT,BUY,1,12,2018-08-14T05:03:50.120,2018-08-14T05:03:50.125
choice-moving,Surfer16@bmm,4854,325,6173,6173,652,NULL,1011851,1011850,1011850,1011847,LIMIT,BUY,1,5,2018-08-14T05:03:50.123,2018-08-14T05:03:50.126
choice-moving,Surfer16@bmm,4854,325,6173,6173,652,NULL,1011852,1011852,1011852,0,LIMIT,BUY,1,12,2018-08-14T05:03:50.531,2018-08-14T05:03:50.539
choice-moving,Surfer16@bmm,4854,325,6173,6173,652,NULL,1011853,1011852,1011852,1011854,LIMIT,BUY,1,6,2018-08-14T05:03:50.535,2018-08-14T05:03:50.540
choice-moving,Surfer4@bmm,4842,325,6173,6173,652,NULL,1011854,1011823,1011846,1011853,LIMIT,SELL,1,6,2018-08-14T05:03:50.536,2018-08-14T05:03:50.540
choice-moving,Surfer4@bmm,4842,325,6173,6173,652,NULL,1011855,1011823,1011846,1011857,LIMIT,SELL,1,6,2018-08-14T05:03:35.986,2018-08-14T05:03:50.842
choice-moving,Surfer16@bmm,4854,325,6173,6173,652,NULL,1011856,1011856,1011856,0,LIMIT,BUY,1,12,2018-08-14T05:03:50.835,2018-08-14T05:03:50.842
choice-moving,Surfer16@bmm,4854,325,6173,6173,652,NULL,1011857,1011856,1011856,1011855,LIMIT,BUY,1,6,2018-08-14T05:03:50.840,2018-08-14T05:03:50.842
choice-moving,Surfer16@bmm,4854,325,6173,6173,652,NULL,1011858,1011858,1011858,0,LIMIT,BUY,1,12,2018-08-14T05:03:51.249,2018-08-14T05:03:51.255
choice-moving,Surfer16@bmm,4854,325,6173,6173,652,NULL,1011859,1011858,1011858,1011830,LIMIT,BUY,1,7,2018-08-14T05:03:51.253,2018-08-14T05:03:51.255
choice-moving,Surfer16@bmm,4854,325,6173,6173,652,NULL,1011860,1011860,1011860,1011730,LIMIT,BUY,1,12,2018-08-14T05:03:51.666,2018-08-14T05:03:51.670
choice-moving,Surfer16@bmm,4854,325,6173,6173,652,NULL,1011861,1011861,1011861,1011863,LIMIT,BUY,1,12,2018-08-14T05:03:51.946,2018-08-14T05:03:52.080
choice-moving,Surfer6@bmm,4844,325,6173,6173,652,NULL,1011862,1011862,1011862,0,LIMIT,SELL,1,5,2018-08-14T05:03:52.074,2018-08-14T05:03:52.079
choice-moving,Surfer6@bmm,4844,325,6173,6173,652,NULL,1011863,1011862,1011862,1011861,LIMIT,SELL,1,12,2018-08-14T05:03:52.078,2018-08-14T05:03:52.080
choice-moving,Surfer17@bmm,4855,325,6173,6173,651,NULL,1011864,1011744,1011744,1011744,CANCEL,SELL,2,100,2018-08-14T05:03:53.154,2018-08-14T05:03:53.158
choice-moving,Surfer2@bmm,4840,325,6173,6173,651,NULL,1011865,1011803,1011803,1011803,CANCEL,BUY,1,34,2018-08-14T05:03:53.844,2018-08-14T05:03:53.848
choice-moving,Surfer1@bmm,4839,325,6173,6173,651,NULL,1011866,1011866,1011866,1011883,LIMIT,SELL,1,74,2018-08-14T05:03:54.900,2018-08-14T05:04:10.748
choice-moving,Surfer6@bmm,4844,325,6173,6173,652,NULL,1011867,1011867,1011867,1011892,LIMIT,SELL,1,5,2018-08-14T05:03:55.676,2018-08-14T05:04:22.261
choice-moving,Surfer12@bmm,4850,325,6173,6173,652,NULL,1011868,1011868,1011868,0,LIMIT,BUY,4,1,2018-08-14T05:03:57.099,2018-08-14T05:05:41.176
choice-moving,Surfer4@bmm,4842,325,6173,6173,650,NULL,1011869,1011869,1011869,NULL,LIMIT,BUY,1,100,2018-08-14T05:03:57.401,2018-08-14T05:03:57.403
choice-moving,Surfer6@bmm,4844,325,6173,6173,652,NULL,1011870,1011870,1011870,1011894,LIMIT,SELL,1,5,2018-08-14T05:03:59.441,2018-08-14T05:04:22.454
choice-moving,Surfer16@bmm,4854,325,6173,6173,652,NULL,1011871,1011871,1011871,NULL,LIMIT,SELL,1,45,2018-08-14T05:03:59.968,2018-08-14T05:03:59.970
choice-moving,Surfer17@bmm,4855,325,6173,6173,651,NULL,1011872,1011872,1011872,1011806,LIMIT,SELL,1,44,2018-08-14T05:04:00.051,2018-08-14T05:04:00.056
choice-moving,Surfer16@bmm,4854,325,6173,6173,652,NULL,1011873,1011873,1011873,NULL,LIMIT,SELL,1,45,2018-08-14T05:04:00.247,2018-08-14T05:04:00.249
choice-moving,Surfer16@bmm,4854,325,6173,6173,652,NULL,1011874,1011874,1011874,NULL,LIMIT,SELL,1,45,2018-08-14T05:04:00.483,2018-08-14T05:04:00.485
choice-moving,Surfer16@bmm,4854,325,6173,6173,652,NULL,1011875,1011875,1011875,NULL,LIMIT,SELL,1,45,2018-08-14T05:04:00.718,2018-08-14T05:04:00.719
choice-moving,Surfer16@bmm,4854,325,6173,6173,652,NULL,1011876,1011876,1011876,NULL,LIMIT,SELL,1,45,2018-08-14T05:04:00.954,2018-08-14T05:04:00.956
choice-moving,Surfer16@bmm,4854,325,6173,6173,652,NULL,1011877,1011877,1011877,NULL,LIMIT,SELL,1,45,2018-08-14T05:04:01.136,2018-08-14T05:04:01.138
choice-moving,Surfer16@bmm,4854,325,6173,6173,652,NULL,1011878,1011878,1011878,NULL,LIMIT,SELL,1,45,2018-08-14T05:04:01.215,2018-08-14T05:04:01.217
choice-moving,Surfer16@bmm,4854,325,6173,6173,652,NULL,1011879,1011879,1011879,NULL,LIMIT,SELL,1,45,2018-08-14T05:04:01.433,2018-08-14T05:04:01.435
choice-moving,Surfer14@bmm,4852,325,6173,6173,651,NULL,1011880,1011880,1011880,1011887,LIMIT,SELL,1,67,2018-08-14T05:04:05.333,2018-08-14T05:04:15.270
choice-moving,Surfer16@bmm,4854,325,6173,6173,652,NULL,1011881,1011881,1011881,NULL,LIMIT,SELL,1,45,2018-08-14T05:04:08.763,2018-08-14T05:04:08.765
choice-moving,Surfer4@bmm,4842,325,6173,6173,652,NULL,1011882,1011882,1011882,1011897,LIMIT,SELL,1,8,2018-08-14T05:04:10.583,2018-08-14T05:04:23.062
choice-moving,Surfer1@bmm,4839,325,6173,6173,651,NULL,1011883,1011866,1011866,1011866,CANCEL,SELL,1,74,2018-08-14T05:04:10.745,2018-08-14T05:04:10.748
choice-moving,Surfer3@bmm,4841,325,6173,6173,653,NULL,1011884,1011884,1011884,1011927,LIMIT,SELL,1,1,2018-08-14T05:04:12.291,2018-08-14T05:04:55.883
choice-moving,Surfer1@bmm,4839,325,6173,6173,651,NULL,1011885,1011885,1011885,1011964,LIMIT,SELL,1,53,2018-08-14T05:04:13.250,2018-08-14T05:05:28.517
choice-moving,Surfer2@bmm,4840,325,6173,6173,652,NULL,1011886,1011886,1011886,1011896,LIMIT,SELL,1,6,2018-08-14T05:04:14.212,2018-08-14T05:04:22.681
choice-moving,Surfer14@bmm,4852,325,6173,6173,651,NULL,1011887,1011880,1011880,1011880,CANCEL,SELL,1,67,2018-08-14T05:04:15.266,2018-08-14T05:04:15.269
choice-moving,Surfer3@bmm,4841,325,6173,6173,653,NULL,1011888,1011888,1011888,1011928,LIMIT,SELL,1,1,2018-08-14T05:04:16.099,2018-08-14T05:04:55.883
choice-moving,Surfer9@bmm,4847,325,6173,6173,651,NULL,1011889,1011889,1011889,1011913,LIMIT,BUY,1,3,2018-08-14T05:04:16.501,2018-08-14T05:04:42.592
choice-moving,Surfer5@bmm,4843,325,6173,6173,653,NULL,1011890,1011890,1011890,NULL,LIMIT,SELL,1,23,2018-08-14T05:04:18.994,2018-08-14T05:04:18.997
choice-moving,Surfer16@bmm,4854,325,6173,6173,652,NULL,1011891,1011891,1011891,0,LIMIT,BUY,1,8,2018-08-14T05:04:22.255,2018-08-14T05:04:22.261
choice-moving,Surfer16@bmm,4854,325,6173,6173,652,NULL,1011892,1011891,1011891,1011867,LIMIT,BUY,1,5,2018-08-14T05:04:22.259,2018-08-14T05:04:22.261
choice-moving,Surfer16@bmm,4854,325,6173,6173,652,NULL,1011893,1011893,1011893,0,LIMIT,BUY,1,8,2018-08-14T05:04:22.448,2018-08-14T05:04:22.454
choice-moving,Surfer16@bmm,4854,325,6173,6173,652,NULL,1011894,1011893,1011893,1011870,LIMIT,BUY,1,5,2018-08-14T05:04:22.452,2018-08-14T05:04:22.455
choice-moving,Surfer16@bmm,4854,325,6173,6173,652,NULL,1011895,1011895,1011895,0,LIMIT,BUY,1,8,2018-08-14T05:04:22.673,2018-08-14T05:04:22.681
choice-moving,Surfer16@bmm,4854,325,6173,6173,652,NULL,1011896,1011895,1011895,1011886,LIMIT,BUY,1,6,2018-08-14T05:04:22.678,2018-08-14T05:04:22.681
choice-moving,Surfer16@bmm,4854,325,6173,6173,652,NULL,1011897,1011897,1011897,1011882,LIMIT,BUY,1,8,2018-08-14T05:04:23.057,2018-08-14T05:04:23.061
choice-moving,Surfer9@bmm,4847,325,6173,6173,651,NULL,1011898,1011898,1011898,1011914,LIMIT,BUY,1,3,2018-08-14T05:04:23.081,2018-08-14T05:04:42.592
choice-moving,Surfer16@bmm,4854,325,6173,6173,652,NULL,1011899,1011899,1011899,1011903,LIMIT,BUY,1,8,2018-08-14T05:04:23.338,2018-08-14T05:04:27.168
choice-moving,Surfer14@bmm,4852,325,6173,6173,650,NULL,1011900,1011900,1011900,1011901,LIMIT,SELL,1,100,2018-08-14T05:04:24.973,2018-08-14T05:04:24.980
choice-moving,Surfer4@bmm,4842,325,6173,6173,650,NULL,1011901,1011773,1011773,1011900,LIMIT,BUY,1,100,2018-08-14T05:04:24.977,2018-08-14T05:04:24.981
choice-moving,Surfer4@bmm,4842,325,6173,6173,650,NULL,1011902,1011773,1011773,0,LIMIT,BUY,2,100,2018-08-14T05:03:00.429,2018-08-14T05:04:55.112
choice-moving,Surfer16@bmm,4854,325,6173,6173,652,NULL,1011903,1011899,1011899,1011899,CANCEL,BUY,1,8,2018-08-14T05:04:27.164,2018-08-14T05:04:27.167
choice-moving,Surfer9@bmm,4847,325,6173,6173,651,NULL,1011904,1011904,1011904,1011948,LIMIT,BUY,1,3,2018-08-14T05:04:27.196,2018-08-14T05:05:15.441
choice-moving,Surfer8@bmm,4846,325,6173,6173,652,NULL,1011905,1011905,1011905,1011906,LIMIT,SELL,1,8,2018-08-14T05:04:27.731,2018-08-14T05:04:30.722
choice-moving,Surfer16@bmm,4854,325,6173,6173,652,NULL,1011906,1011906,1011906,1011905,LIMIT,BUY,1,8,2018-08-14T05:04:30.718,2018-08-14T05:04:30.722
choice-moving,Surfer18@bmm,4856,325,6173,6173,652,NULL,1011907,1011710,1011710,1011710,CANCEL,SELL,1,80,2018-08-14T05:04:33.108,2018-08-14T05:04:33.111
choice-moving,Surfer8@bmm,4846,325,6173,6173,652,NULL,1011908,1011908,1011908,1012008,LIMIT,SELL,1,18,2018-08-14T05:04:37.859,2018-08-14T05:06:00.251
choice-moving,Surfer17@bmm,4855,325,6173,6173,651,NULL,1011909,1011731,1011731,1011736,CANCEL,SELL,1,100,2018-08-14T05:04:39.181,2018-08-14T05:04:39.216
choice-moving,Surfer1@bmm,4839,325,6173,6173,653,NULL,1011910,1011794,1011794,1011794,CANCEL,SELL,1,15,2018-08-14T05:04:40.718,2018-08-14T05:04:40.722
choice-moving,Surfer14@bmm,4852,325,6173,6173,652,NULL,1011911,1011911,1011911,1011946,LIMIT,SELL,1,15,2018-08-14T05:04:41.482,2018-08-14T05:05:11.315
choice-moving,Surfer17@bmm,4855,325,6173,6173,651,NULL,1011912,1011912,1011912,0,LIMIT,SELL,2,3,2018-08-14T05:04:42.584,2018-08-14T05:04:42.591
choice-moving,Surfer17@bmm,4855,325,6173,6173,651,NULL,1011913,1011912,1011912,1011889,LIMIT,SELL,1,3,2018-08-14T05:04:42.588,2018-08-14T05:04:42.592
choice-moving,Surfer17@bmm,4855,325,6173,6173,651,NULL,1011914,1011912,1011912,1011898,LIMIT,SELL,1,3,2018-08-14T05:04:42.590,2018-08-14T05:04:42.592
choice-moving,Surfer1@bmm,4839,325,6173,6173,653,NULL,1011915,1011915,1011915,1011929,LIMIT,SELL,1,1,2018-08-14T05:04:46.284,2018-08-14T05:04:55.883
choice-moving,Surfer16@bmm,4854,325,6173,6173,652,NULL,1011916,1011916,1011916,NULL,LIMIT,SELL,1,25,2018-08-14T05:04:48.447,2018-08-14T05:04:48.449
choice-moving,Surfer16@bmm,4854,325,6173,6173,652,NULL,1011917,1011917,1011917,NULL,LIMIT,SELL,1,25,2018-08-14T05:04:49.521,2018-08-14T05:04:49.523
choice-moving,Surfer3@bmm,4841,325,6173,6173,651,NULL,1011918,1011849,1011849,1011849,CANCEL,SELL,1,86,2018-08-14T05:04:50.243,2018-08-14T05:04:50.246
choice-moving,Surfer3@bmm,4841,325,6173,6173,651,NULL,1011919,1011919,1011919,1012002,LIMIT,SELL,1,50,2018-08-14T05:04:51.610,2018-08-14T05:05:51.251
choice-moving,Surfer10@bmm,4848,325,6173,6173,652,NULL,1011920,1011712,1011712,1011712,CANCEL,SELL,1,60,2018-08-14T05:04:52.113,2018-08-14T05:04:52.117
choice-moving,Surfer13@bmm,4851,325,6173,6173,651,NULL,1011921,1011921,1011921,1012013,LIMIT,SELL,3,47,2018-08-14T05:04:52.334,2018-08-14T05:06:04.785
choice-moving,Surfer17@bmm,4855,325,6173,6173,653,NULL,1011922,1011789,1011789,1011789,CANCEL,SELL,1,2,2018-08-14T05:04:53.913,2018-08-14T05:04:53.917
choice-moving,Surfer8@bmm,4846,325,6173,6173,650,NULL,1011923,1011923,1011923,1011924,LIMIT,SELL,1,100,2018-08-14T05:04:55.096,2018-08-14T05:04:55.112
choice-moving,Surfer4@bmm,4842,325,6173,6173,650,NULL,1011924,1011773,1011902,1011923,LIMIT,BUY,1,100,2018-08-14T05:04:55.103,2018-08-14T05:04:55.112
choice-moving,Surfer4@bmm,4842,325,6173,6173,650,NULL,1011925,1011773,1011902,1011931,LIMIT,BUY,1,100,2018-08-14T05:03:00.429,2018-08-14T05:04:59.406
choice-moving,Surfer14@bmm,4852,325,6173,6173,653,NULL,1011926,1011926,1011926,0,LIMIT,BUY,3,8,2018-08-14T05:04:55.873,2018-08-14T05:04:55.882
choice-moving,Surfer14@bmm,4852,325,6173,6173,653,NULL,1011927,1011926,1011926,1011884,LIMIT,BUY,1,1,2018-08-14T05:04:55.877,2018-08-14T05:04:55.883
choice-moving,Surfer14@bmm,4852,325,6173,6173,653,NULL,1011928,1011926,1011926,1011888,LIMIT,BUY,1,1,2018-08-14T05:04:55.879,2018-08-14T05:04:55.883
choice-moving,Surfer14@bmm,4852,325,6173,6173,653,NULL,1011929,1011926,1011926,1011915,LIMIT,BUY,1,1,2018-08-14T05:04:55.881,2018-08-14T05:04:55.883
choice-moving,Surfer18@bmm,4856,325,6173,6173,652,NULL,1011930,1011723,1011723,1011723,CANCEL,SELL,1,51,2018-08-14T05:04:57.221,2018-08-14T05:04:57.224
choice-moving,Surfer8@bmm,4846,325,6173,6173,650,NULL,1011931,1011931,1011931,1011925,LIMIT,SELL,1,100,2018-08-14T05:04:59.402,2018-08-14T05:04:59.406
choice-moving,Surfer8@bmm,4846,325,6173,6173,650,NULL,1011932,1011932,1011932,1011933,LIMIT,SELL,1,100,2018-08-14T05:04:59.758,2018-08-14T05:04:59.766
choice-moving,Surfer4@bmm,4842,325,6173,6173,650,NULL,1011933,1011782,1011782,1011932,LIMIT,BUY,1,100,2018-08-14T05:04:59.762,2018-08-14T05:04:59.766
choice-moving,Surfer4@bmm,4842,325,6173,6173,650,NULL,1011934,1011782,1011782,0,LIMIT,BUY,3,100,2018-08-14T05:03:09.757,2018-08-14T05:05:00.013
choice-moving,Surfer8@bmm,4846,325,6173,6173,650,NULL,1011935,1011935,1011935,1011936,LIMIT,SELL,1,100,2018-08-14T05:05,2018-08-14T05:05:00.012
choice-moving,Surfer4@bmm,4842,325,6173,6173,650,NULL,1011936,1011782,1011934,1011935,LIMIT,BUY,1,100,2018-08-14T05:05:00.008,2018-08-14T05:05:00.013
choice-moving,Surfer4@bmm,4842,325,6173,6173,650,NULL,1011937,1011782,1011934,0,LIMIT,BUY,2,100,2018-08-14T05:03:09.757,2018-08-14T05:06:24.731
choice-moving,Surfer13@bmm,4851,325,6173,6173,651,NULL,1011938,1011938,1011938,1012049,LIMIT,SELL,1,20,2018-08-14T05:05:00.541,2018-08-14T05:06:45.944
choice-moving,Surfer14@bmm,4852,325,6173,6173,653,NULL,1011939,1011939,1011939,0,LIMIT,BUY,3,8,2018-08-14T05:05:02.941,2018-08-14T05:05:02.953
choice-moving,Surfer14@bmm,4852,325,6173,6173,653,NULL,1011940,1011939,1011939,1011800,LIMIT,BUY,1,2,2018-08-14T05:05:02.945,2018-08-14T05:05:02.953
choice-moving,Surfer14@bmm,4852,325,6173,6173,653,NULL,1011941,1011939,1011939,1011787,LIMIT,BUY,1,3,2018-08-14T05:05:02.949,2018-08-14T05:05:02.954
choice-moving,Surfer14@bmm,4852,325,6173,6173,653,NULL,1011942,1011939,1011939,1011952,LIMIT,BUY,1,8,2018-08-14T05:05:02.941,2018-08-14T05:05:19.931
choice-moving,Surfer5@bmm,4843,325,6173,6173,651,NULL,1011943,1011943,1011943,NULL,LIMIT,SELL,1,22,2018-08-14T05:05:03.272,2018-08-14T05:05:03.274
choice-moving,Surfer10@bmm,4848,325,6173,6173,652,NULL,1011944,1011944,1011944,1012041,LIMIT,SELL,1,7,2018-08-14T05:05:06.020,2018-08-14T05:06:28.750
choice-moving,Surfer8@bmm,4846,325,6173,6173,652,NULL,1011945,1011945,1011945,1012047,LIMIT,SELL,1,4,2018-08-14T05:05:08.856,2018-08-14T05:06:41.063
choice-moving,Surfer14@bmm,4852,325,6173,6173,652,NULL,1011946,1011911,1011911,1011911,CANCEL,SELL,1,15,2018-08-14T05:05:11.311,2018-08-14T05:05:11.315
choice-moving,Surfer1@bmm,4839,325,6173,6173,650,NULL,1011947,1011947,1011947,NULL,LIMIT,BUY,1,96,2018-08-14T05:05:11.972,2018-08-14T05:05:11.974
choice-moving,Surfer9@bmm,4847,325,6173,6173,651,NULL,1011948,1011904,1011904,1011904,CANCEL,BUY,1,3,2018-08-14T05:05:15.437,2018-08-14T05:05:15.441
choice-moving,Surfer8@bmm,4846,325,6173,6173,651,NULL,1011949,1011949,1011949,1011770,LIMIT,SELL,1,2,2018-08-14T05:05:17.928,2018-08-14T05:05:17.934
choice-moving,Surfer3@bmm,4841,325,6173,6173,653,NULL,1011951,1011951,1011951,0,LIMIT,SELL,1,5,2018-08-14T05:05:19.923,2018-08-14T05:05:19.930
choice-moving,Surfer3@bmm,4841,325,6173,6173,653,NULL,1011952,1011951,1011951,1011942,LIMIT,SELL,1,8,2018-08-14T05:05:19.928,2018-08-14T05:05:19.931
choice-moving,Surfer5@bmm,4843,325,6173,6173,651,NULL,1011953,1011953,1011953,1011748,LIMIT,SELL,1,1,2018-08-14T05:05:20.794,2018-08-14T05:05:20.800
choice-moving,Surfer14@bmm,4852,325,6173,6173,651,NULL,1011954,1011954,1011954,1011960,LIMIT,BUY,1,6,2018-08-14T05:05:22.345,2018-08-14T05:05:25.774
choice-moving,Surfer1@bmm,4839,325,6173,6173,650,NULL,1011955,1011955,1011955,NULL,LIMIT,BUY,1,99,2018-08-14T05:05:22.501,2018-08-14T05:05:22.504
choice-moving,Surfer18@bmm,4856,325,6173,6173,652,NULL,1011956,1011956,1011956,1011990,LIMIT,SELL,1,10,2018-08-14T05:05:23.880,2018-08-14T05:05:44.330
choice-moving,Surfer16@bmm,4854,325,6173,6173,651,NULL,1011958,1011795,1011795,1011795,CANCEL,BUY,1,1,2018-08-14T05:05:25.069,2018-08-14T05:05:25.080
choice-moving,Surfer8@bmm,4846,325,6173,6173,651,NULL,1011959,1011959,1011959,0,LIMIT,SELL,1,4,2018-08-14T05:05:25.768,2018-08-14T05:05:25.774
choice-moving,Surfer8@bmm,4846,325,6173,6173,651,NULL,1011960,1011959,1011959,1011954,LIMIT,SELL,1,6,2018-08-14T05:05:25.772,2018-08-14T05:05:25.774
choice-moving,Surfer17@bmm,4855,325,6173,6173,653,NULL,1011961,1011961,1011961,1012024,LIMIT,SELL,1,8,2018-08-14T05:05:27.176,2018-08-14T05:06:14.722
choice-moving,Surfer11@bmm,4849,325,6173,6173,651,NULL,1011962,1011962,1011962,1011985,LIMIT,SELL,1,5,2018-08-14T05:05:28.007,2018-08-14T05:05:42.370
choice-moving,Surfer8@bmm,4846,325,6173,6173,651,NULL,1011963,1011963,1011963,1011983,LIMIT,SELL,1,4,2018-08-14T05:05:28.346,2018-08-14T05:05:42.370
choice-moving,Surfer1@bmm,4839,325,6173,6173,651,NULL,1011964,1011885,1011885,1011885,CANCEL,SELL,1,53,2018-08-14T05:05:28.513,2018-08-14T05:05:28.517
choice-moving,Surfer5@bmm,4843,325,6173,6173,651,NULL,1011965,1011965,1011965,1011753,LIMIT,SELL,1,1,2018-08-14T05:05:29.351,2018-08-14T05:05:29.358
choice-moving,Surfer7@bmm,4845,325,6173,6173,650,NULL,1011966,1011675,1011675,1011675,CANCEL,BUY,1,79,2018-08-14T05:05:30.699,2018-08-14T05:05:30.705
choice-moving,Surfer7@bmm,4845,325,6173,6173,650,NULL,1011967,1011675,1011675,1011967,CANCEL,BUY,1,79,2018-08-14T05:05:30.711,2018-08-14T05:05:30.720
choice-moving,Surfer1@bmm,4839,325,6173,6173,651,NULL,1011968,1011848,1011848,1011848,CANCEL,SELL,1,74,2018-08-14T05:05:31.247,2018-08-14T05:05:31.251
choice-moving,Surfer16@bmm,4854,325,6173,6173,651,NULL,1011969,1011793,1011793,1011793,CANCEL,BUY,1,1,2018-08-14T05:05:31.284,2018-08-14T05:05:31.288
choice-moving,Surfer7@bmm,4845,325,6173,6173,650,NULL,1011970,1011673,1011673,1011673,CANCEL,BUY,1,79,2018-08-14T05:05:31.431,2018-08-14T05:05:31.436
choice-moving,Surfer5@bmm,4843,325,6173,6173,651,NULL,1011971,1011971,1011971,1011754,LIMIT,SELL,1,1,2018-08-14T05:05:31.617,2018-08-14T05:05:31.623
choice-moving,Surfer8@bmm,4846,325,6173,6173,651,NULL,1011972,1011972,1011972,1011984,LIMIT,SELL,1,4,2018-08-14T05:05:32.083,2018-08-14T05:05:42.370
choice-moving,Surfer7@bmm,4845,325,6173,6173,650,NULL,1011973,1011771,1011771,1011771,CANCEL,BUY,1,95,2018-08-14T05:05:32.631,2018-08-14T05:05:32.635
choice-moving,Surfer11@bmm,4849,325,6173,6173,651,NULL,1011974,1011974,1011974,1011760,LIMIT,SELL,1,1,2018-08-14T05:05:32.851,2018-08-14T05:05:32.856
choice-moving,Surfer16@bmm,4854,325,6173,6173,651,NULL,1011975,1011762,1011762,1011762,CANCEL,BUY,1,1,2018-08-14T05:05:33.270,2018-08-14T05:05:33.275
choice-moving,Surfer8@bmm,4846,325,6173,6173,651,NULL,1011976,1011976,1011976,1011986,LIMIT,SELL,1,5,2018-08-14T05:05:33.283,2018-08-14T05:05:42.371
choice-moving,Surfer1@bmm,4839,325,6173,6173,651,NULL,1011977,1011977,1011977,1011978,LIMIT,SELL,1,2,2018-08-14T05:05:39.517,2018-08-14T05:05:40.400
choice-moving,Surfer16@bmm,4854,325,6173,6173,651,NULL,1011978,1011978,1011978,1011977,LIMIT,BUY,1,2,2018-08-14T05:05:40.394,2018-08-14T05:05:40.399
choice-moving,Surfer18@bmm,4856,325,6173,6173,652,NULL,1011979,1011979,1011979,1011980,LIMIT,SELL,1,1,2018-08-14T05:05:41.168,2018-08-14T05:05:41.176
choice-moving,Surfer12@bmm,4850,325,6173,6173,652,NULL,1011980,1011868,1011868,1011979,LIMIT,BUY,1,1,2018-08-14T05:05:41.173,2018-08-14T05:05:41.176
choice-moving,Surfer12@bmm,4850,325,6173,6173,652,NULL,1011981,1011868,1011868,0,LIMIT,BUY,3,1,2018-08-14T05:03:57.099,2018-08-14T05:05:59.321
choice-moving,Surfer14@bmm,4852,325,6173,6173,651,NULL,1011982,1011982,1011982,0,LIMIT,BUY,4,6,2018-08-14T05:05:42.359,2018-08-14T05:05:42.370
choice-moving,Surfer14@bmm,4852,325,6173,6173,651,NULL,1011983,1011982,1011982,1011963,LIMIT,BUY,1,4,2018-08-14T05:05:42.363,2018-08-14T05:05:42.370
choice-moving,Surfer14@bmm,4852,325,6173,6173,651,NULL,1011984,1011982,1011982,1011972,LIMIT,BUY,1,4,2018-08-14T05:05:42.365,2018-08-14T05:05:42.370
choice-moving,Surfer14@bmm,4852,325,6173,6173,651,NULL,1011985,1011982,1011982,1011962,LIMIT,BUY,1,5,2018-08-14T05:05:42.366,2018-08-14T05:05:42.371
choice-moving,Surfer14@bmm,4852,325,6173,6173,651,NULL,1011986,1011982,1011982,1011976,LIMIT,BUY,1,5,2018-08-14T05:05:42.368,2018-08-14T05:05:42.371
choice-moving,Surfer16@bmm,4854,325,6173,6173,651,NULL,1011987,1011987,1011987,1012003,LIMIT,BUY,1,2,2018-08-14T05:05:42.650,2018-08-14T05:05:52.709
choice-moving,Surfer1@bmm,4839,325,6173,6173,651,NULL,1011988,1011988,1011988,1012019,LIMIT,SELL,1,4,2018-08-14T05:05:43.487,2018-08-14T05:06:10.941
choice-moving,Surfer16@bmm,4854,325,6173,6173,651,NULL,1011989,1011989,1011989,1012028,LIMIT,BUY,1,2,2018-08-14T05:05:43.763,2018-08-14T05:06:16.234
choice-moving,Surfer18@bmm,4856,325,6173,6173,652,NULL,1011990,1011956,1011956,1011956,CANCEL,SELL,1,10,2018-08-14T05:05:44.326,2018-08-14T05:05:44.330
choice-moving,Surfer16@bmm,4854,325,6173,6173,651,NULL,1011991,1011991,1011991,1012029,LIMIT,BUY,1,2,2018-08-14T05:05:44.809,2018-08-14T05:06:16.234
choice-moving,Surfer16@bmm,4854,325,6173,6173,651,NULL,1011992,1011992,1011992,1012030,LIMIT,BUY,1,2,2018-08-14T05:05:45.497,2018-08-14T05:06:16.235
choice-moving,Surfer7@bmm,4845,325,6173,6173,653,NULL,1011993,1011993,1011993,1012015,LIMIT,SELL,1,5,2018-08-14T05:05:45.632,2018-08-14T05:06:05.805
choice-moving,Surfer16@bmm,4854,325,6173,6173,651,NULL,1011994,1011994,1011994,1012033,LIMIT,BUY,1,2,2018-08-14T05:05:46.027,2018-08-14T05:06:20.026
choice-moving,Surfer7@bmm,4845,325,6173,6173,653,NULL,1011995,1011995,1011995,1012026,LIMIT,SELL,1,5,2018-08-14T05:05:46.246,2018-08-14T05:06:14.830
choice-moving,Surfer16@bmm,4854,325,6173,6173,651,NULL,1011996,1011996,1011996,1012038,LIMIT,BUY,1,2,2018-08-14T05:05:46.531,2018-08-14T05:06:25.965
choice-moving,Surfer7@bmm,4845,325,6173,6173,653,NULL,1011997,1011997,1011997,1012034,LIMIT,SELL,1,5,2018-08-14T05:05:46.977,2018-08-14T05:06:21.546
choice-moving,Surfer16@bmm,4854,325,6173,6173,651,NULL,1011998,1011998,1011998,1012040,LIMIT,BUY,1,2,2018-08-14T05:05:46.987,2018-08-14T05:06:28.589
choice-moving,Surfer19@bmm,4857,325,6173,6173,651,NULL,1011999,1011745,1011745,1011745,CANCEL,SELL,4,100,2018-08-14T05:05:47.415,2018-08-14T05:05:47.419
choice-moving,Surfer16@bmm,4854,325,6173,6173,651,NULL,1012000,1012000,1012000,1012042,LIMIT,BUY,1,2,2018-08-14T05:05:48.339,2018-08-14T05:06:31.288
choice-moving,Surfer3@bmm,4841,325,6173,6173,651,NULL,1012002,1011919,1011919,1011919,CANCEL,SELL,1,50,2018-08-14T05:05:51.247,2018-08-14T05:05:51.251
choice-moving,Surfer3@bmm,4841,325,6173,6173,651,NULL,1012003,1012003,1012003,1011987,LIMIT,SELL,1,2,2018-08-14T05:05:52.705,2018-08-14T05:05:52.709
choice-moving,Surfer18@bmm,4856,325,6173,6173,652,NULL,1012004,1012004,1012004,1012005,LIMIT,SELL,1,1,2018-08-14T05:05:59.314,2018-08-14T05:05:59.320
choice-moving,Surfer12@bmm,4850,325,6173,6173,652,NULL,1012005,1011868,1011981,1012004,LIMIT,BUY,1,1,2018-08-14T05:05:59.317,2018-08-14T05:05:59.321
choice-moving,Surfer12@bmm,4850,325,6173,6173,652,NULL,1012006,1011868,1011981,0,LIMIT,BUY,2,1,2018-08-14T05:03:57.099,2018-08-14T05:06:02.154
choice-moving,Surfer19@bmm,4857,325,6173,6173,651,NULL,1012007,1012007,1012007,1012084,LIMIT,SELL,4,100,2018-08-14T05:05:59.649,2018-08-14T05:07:33.818
choice-moving,Surfer8@bmm,4846,325,6173,6173,652,NULL,1012008,1011908,1011908,1011908,CANCEL,SELL,1,18,2018-08-14T05:06:00.246,2018-08-14T05:06:00.250
choice-moving,Surfer18@bmm,4856,325,6173,6173,652,NULL,1012009,1012009,1012009,1012010,LIMIT,SELL,1,1,2018-08-14T05:06:02.146,2018-08-14T05:06:02.154
choice-moving,Surfer12@bmm,4850,325,6173,6173,652,NULL,1012010,1011868,1012006,1012009,LIMIT,BUY,1,1,2018-08-14T05:06:02.150,2018-08-14T05:06:02.154
choice-moving,Surfer12@bmm,4850,325,6173,6173,652,NULL,1012011,1011868,1012006,1012022,LIMIT,BUY,1,1,2018-08-14T05:03:57.099,2018-08-14T05:06:13.206
choice-moving,Surfer8@bmm,4846,325,6173,6173,652,NULL,1012012,1012012,1012012,1012048,LIMIT,SELL,1,4,2018-08-14T05:06:03.394,2018-08-14T05:06:41.860
choice-moving,Surfer13@bmm,4851,325,6173,6173,651,NULL,1012013,1011921,1011921,1011921,CANCEL,SELL,3,47,2018-08-14T05:06:04.781,2018-08-14T05:06:04.785
choice-moving,Surfer9@bmm,4847,325,6173,6173,653,NULL,1012014,1012014,1012014,0,LIMIT,BUY,1,50,2018-08-14T05:06:05.798,2018-08-14T05:06:05.805
choice-moving,Surfer9@bmm,4847,325,6173,6173,653,NULL,1012015,1012014,1012014,1011993,LIMIT,BUY,1,5,2018-08-14T05:06:05.803,2018-08-14T05:06:05.805
choice-moving,Surfer16@bmm,4854,325,6173,6173,650,NULL,1012016,1012016,1012016,NULL,LIMIT,BUY,1,98,2018-08-14T05:06:08.091,2018-08-14T05:06:08.093
choice-moving,Surfer16@bmm,4854,325,6173,6173,650,NULL,1012017,1012017,1012017,NULL,LIMIT,BUY,1,98,2018-08-14T05:06:10.423,2018-08-14T05:06:10.425
choice-moving,Surfer17@bmm,4855,325,6173,6173,653,NULL,1012018,1011711,1011711,1011711,CANCEL,SELL,3,33,2018-08-14T05:06:10.444,2018-08-14T05:06:10.449
choice-moving,Surfer1@bmm,4839,325,6173,6173,651,NULL,1012019,1011988,1011988,1011988,CANCEL,SELL,1,4,2018-08-14T05:06:10.937,2018-08-14T05:06:10.940
choice-moving,Surfer1@bmm,4839,325,6173,6173,651,NULL,1012020,1012020,1012020,1012039,LIMIT,SELL,1,3,2018-08-14T05:06:12.322,2018-08-14T05:06:26.933
choice-moving,Surfer16@bmm,4854,325,6173,6173,650,NULL,1012021,1012021,1012021,NULL,LIMIT,BUY,1,98,2018-08-14T05:06:12.435,2018-08-14T05:06:12.437
choice-moving,Surfer10@bmm,4848,325,6173,6173,652,NULL,1012022,1012022,1012022,1012011,LIMIT,SELL,1,1,2018-08-14T05:06:13.202,2018-08-14T05:06:13.206
choice-moving,Surfer16@bmm,4854,325,6173,6173,650,NULL,1012023,1012023,1012023,NULL,LIMIT,BUY,1,98,2018-08-14T05:06:14.195,2018-08-14T05:06:14.197
choice-moving,Surfer17@bmm,4855,325,6173,6173,653,NULL,1012024,1011961,1011961,1011961,CANCEL,SELL,1,8,2018-08-14T05:06:14.718,2018-08-14T05:06:14.722
choice-moving,Surfer9@bmm,4847,325,6173,6173,653,NULL,1012025,1012025,1012025,0,LIMIT,BUY,1,50,2018-08-14T05:06:14.824,2018-08-14T05:06:14.830
choice-moving,Surfer9@bmm,4847,325,6173,6173,653,NULL,1012026,1012025,1012025,1011995,LIMIT,BUY,1,5,2018-08-14T05:06:14.828,2018-08-14T05:06:14.830
choice-moving,Surfer13@bmm,4851,325,6173,6173,651,NULL,1012027,1012027,1012027,0,LIMIT,SELL,3,2,2018-08-14T05:06:16.225,2018-08-14T05:06:16.234
choice-moving,Surfer13@bmm,4851,325,6173,6173,651,NULL,1012028,1012027,1012027,1011989,LIMIT,SELL,1,2,2018-08-14T05:06:16.229,2018-08-14T05:06:16.234
choice-moving,Surfer13@bmm,4851,325,6173,6173,651,NULL,1012029,1012027,1012027,1011991,LIMIT,SELL,1,2,2018-08-14T05:06:16.230,2018-08-14T05:06:16.234
choice-moving,Surfer13@bmm,4851,325,6173,6173,651,NULL,1012030,1012027,1012027,1011992,LIMIT,SELL,1,2,2018-08-14T05:06:16.232,2018-08-14T05:06:16.235
choice-moving,Surfer14@bmm,4852,325,6173,6173,653,NULL,1012031,1012031,1012031,1012059,LIMIT,SELL,1,4,2018-08-14T05:06:17.130,2018-08-14T05:07:04.021
choice-moving,Surfer17@bmm,4855,325,6173,6173,653,NULL,1012032,1012032,1012032,NULL,LIMIT,SELL,4,1,2018-08-14T05:06:18.001,2018-08-14T05:06:18.003
choice-moving,Surfer8@bmm,4846,325,6173,6173,651,NULL,1012033,1012033,1012033,1011994,LIMIT,SELL,1,2,2018-08-14T05:06:20.021,2018-08-14T05:06:20.026
choice-moving,Surfer7@bmm,4845,325,6173,6173,653,NULL,1012034,1011997,1011997,1011997,CANCEL,SELL,1,5,2018-08-14T05:06:21.543,2018-08-14T05:06:21.546
choice-moving,Surfer14@bmm,4852,325,6173,6173,650,NULL,1012035,1012035,1012035,1012036,LIMIT,SELL,1,100,2018-08-14T05:06:24.723,2018-08-14T05:06:24.731
choice-moving,Surfer4@bmm,4842,325,6173,6173,650,NULL,1012036,1011782,1011937,1012035,LIMIT,BUY,1,100,2018-08-14T05:06:24.727,2018-08-14T05:06:24.731
choice-moving,Surfer4@bmm,4842,325,6173,6173,650,NULL,1012037,1011782,1011937,NULL,LIMIT,BUY,1,100,2018-08-14T05:03:09.757,2018-08-14T05:06:24.731
choice-moving,Surfer8@bmm,4846,325,6173,6173,651,NULL,1012038,1012038,1012038,1011996,LIMIT,SELL,1,2,2018-08-14T05:06:25.961,2018-08-14T05:06:25.965
choice-moving,Surfer1@bmm,4839,325,6173,6173,651,NULL,1012039,1012020,1012020,1012020,CANCEL,SELL,1,3,2018-08-14T05:06:26.929,2018-08-14T05:06:26.933
choice-moving,Surfer18@bmm,4856,325,6173,6173,651,NULL,1012040,1012040,1012040,1011998,LIMIT,SELL,1,2,2018-08-14T05:06:28.584,2018-08-14T05:06:28.589
choice-moving,Surfer10@bmm,4848,325,6173,6173,652,NULL,1012041,1011944,1011944,1011944,CANCEL,SELL,1,7,2018-08-14T05:06:28.745,2018-08-14T05:06:28.749
choice-moving,Surfer1@bmm,4839,325,6173,6173,651,NULL,1012042,1012042,1012042,1012000,LIMIT,SELL,1,2,2018-08-14T05:06:31.283,2018-08-14T05:06:31.288
choice-moving,Surfer10@bmm,4848,325,6173,6173,652,NULL,1012043,1012043,1012043,1012046,LIMIT,SELL,1,3,2018-08-14T05:06:33.320,2018-08-14T05:06:40.040
choice-moving,Surfer14@bmm,4852,325,6173,6173,651,NULL,1012044,1012044,1012044,1012064,LIMIT,SELL,1,19,2018-08-14T05:06:39.741,2018-08-14T05:07:12.869
choice-moving,Surfer16@bmm,4854,325,6173,6173,652,NULL,1012045,1012045,1012045,0,LIMIT,BUY,1,4,2018-08-14T05:06:40.031,2018-08-14T05:06:40.040
choice-moving,Surfer16@bmm,4854,325,6173,6173,652,NULL,1012046,1012045,1012045,1012043,LIMIT,BUY,1,3,2018-08-14T05:06:40.038,2018-08-14T05:06:40.041
choice-moving,Surfer16@bmm,4854,325,6173,6173,652,NULL,1012047,1012047,1012047,1011945,LIMIT,BUY,1,4,2018-08-14T05:06:41.059,2018-08-14T05:06:41.063
choice-moving,Surfer16@bmm,4854,325,6173,6173,652,NULL,1012048,1012048,1012048,1012012,LIMIT,BUY,1,4,2018-08-14T05:06:41.855,2018-08-14T05:06:41.860
choice-moving,Surfer13@bmm,4851,325,6173,6173,651,NULL,1012049,1011938,1011938,1011938,CANCEL,SELL,1,20,2018-08-14T05:06:45.940,2018-08-14T05:06:45.944
choice-moving,Surfer16@bmm,4854,325,6173,6173,652,NULL,1012050,1012050,1012050,NULL,LIMIT,SELL,1,18,2018-08-14T05:06:48.521,2018-08-14T05:06:48.526
choice-moving,Surfer16@bmm,4854,325,6173,6173,652,NULL,1012051,1012051,1012051,NULL,LIMIT,SELL,1,18,2018-08-14T05:06:49.219,2018-08-14T05:06:49.220
choice-moving,Surfer16@bmm,4854,325,6173,6173,652,NULL,1012052,1012052,1012052,NULL,LIMIT,SELL,1,18,2018-08-14T05:06:50.199,2018-08-14T05:06:50.201
choice-moving,Surfer13@bmm,4851,325,6173,6173,651,NULL,1012053,1012053,1012053,1012062,LIMIT,SELL,1,18,2018-08-14T05:06:51.270,2018-08-14T05:07:08.748
choice-moving,Surfer16@bmm,4854,325,6173,6173,652,NULL,1012054,1012054,1012054,NULL,LIMIT,SELL,1,18,2018-08-14T05:06:52.723,2018-08-14T05:06:52.725
choice-moving,Surfer9@bmm,4847,325,6173,6173,651,NULL,1012055,1012055,1012055,1012082,LIMIT,SELL,1,2,2018-08-14T05:06:53.658,2018-08-14T05:07:29.001
choice-moving,Surfer1@bmm,4839,325,6173,6173,653,NULL,1012056,1011779,1011779,1011779,CANCEL,SELL,1,10,2018-08-14T05:07:01.286,2018-08-14T05:07:01.289
choice-moving,Surfer14@bmm,4852,325,6173,6173,652,NULL,1012057,1012057,1012057,NULL,LIMIT,SELL,1,16,2018-08-14T05:07:01.515,2018-08-14T05:07:01.517
choice-moving,Surfer9@bmm,4847,325,6173,6173,651,NULL,1012058,1012058,1012058,1012080,LIMIT,SELL,1,2,2018-08-14T05:07:03.342,2018-08-14T05:07:27.999
choice-moving,Surfer14@bmm,4852,325,6173,6173,653,NULL,1012059,1012031,1012031,1012031,CANCEL,SELL,1,4,2018-08-14T05:07:04.017,2018-08-14T05:07:04.021
choice-moving,Surfer1@bmm,4839,325,6173,6173,653,NULL,1012060,1012060,1012060,NULL,LIMIT,SELL,1,1,2018-08-14T05:07:05.275,2018-08-14T05:07:05.277
choice-moving,Surfer9@bmm,4847,325,6173,6173,651,NULL,1012061,1012061,1012061,1012078,LIMIT,SELL,1,2,2018-08-14T05:07:08.087,2018-08-14T05:07:26.573
choice-moving,Surfer13@bmm,4851,325,6173,6173,651,NULL,1012062,1012053,1012053,1012053,CANCEL,SELL,1,18,2018-08-14T05:07:08.743,2018-08-14T05:07:08.747
choice-moving,Surfer13@bmm,4851,325,6173,6173,651,NULL,1012063,1012063,1012063,1012087,LIMIT,SELL,1,1,2018-08-14T05:07:10.265,2018-08-14T05:07:38.250
choice-moving,Surfer14@bmm,4852,325,6173,6173,651,NULL,1012064,1012044,1012044,1012044,CANCEL,SELL,1,19,2018-08-14T05:07:12.865,2018-08-14T05:07:12.869
choice-moving,Surfer9@bmm,4847,325,6173,6173,651,NULL,1012065,1012065,1012065,1012073,LIMIT,SELL,1,0,2018-08-14T05:07:14.086,2018-08-14T05:07:22.552
choice-moving,Surfer16@bmm,4854,325,6173,6173,651,NULL,1012066,1012066,1012066,NULL,LIMIT,SELL,1,14,2018-08-14T05:07:14.598,2018-08-14T05:07:14.600
choice-moving,Surfer14@bmm,4852,325,6173,6173,651,NULL,1012067,1012067,1012067,1012072,LIMIT,SELL,1,0,2018-08-14T05:07:17.452,2018-08-14T05:07:20.882
choice-moving,Surfer12@bmm,4850,325,6173,6173,651,NULL,1012068,1012068,1012068,1012088,LIMIT,SELL,1,1,2018-08-14T05:07:19.814,2018-08-14T05:07:38.250
choice-moving,Surfer12@bmm,4850,325,6173,6173,651,NULL,1012069,1012069,1012069,1012089,LIMIT,SELL,1,1,2018-08-14T05:07:19.991,2018-08-14T05:07:38.251
choice-moving,Surfer12@bmm,4850,325,6173,6173,651,NULL,1012070,1012070,1012070,NULL,LIMIT,SELL,1,1,2018-08-14T05:07:20.039,2018-08-14T05:07:20.041
choice-moving,Surfer12@bmm,4850,325,6173,6173,651,NULL,1012071,1012071,1012071,NULL,LIMIT,SELL,1,1,2018-08-14T05:07:20.048,2018-08-14T05:07:20.049
choice-moving,Surfer14@bmm,4852,325,6173,6173,651,NULL,1012072,1012067,1012067,1012067,CANCEL,SELL,1,0,2018-08-14T05:07:20.879,2018-08-14T05:07:20.882
choice-moving,Surfer8@bmm,4846,325,6173,6173,651,NULL,1012073,1012073,1012073,1012065,LIMIT,BUY,1,0,2018-08-14T05:07:22.547,2018-08-14T05:07:22.552
choice-moving,Surfer16@bmm,4854,325,6173,6173,652,NULL,1012074,1012074,1012074,NULL,LIMIT,SELL,1,15,2018-08-14T05:07:23.571,2018-08-14T05:07:23.573
choice-moving,Surfer14@bmm,4852,325,6173,6173,651,NULL,1012075,1012075,1012075,1012081,LIMIT,BUY,1,0,2018-08-14T05:07:24.008,2018-08-14T05:07:28.326
choice-moving,Surfer19@bmm,4857,325,6173,6173,653,NULL,1012076,1011732,1011732,1011732,CANCEL,SELL,4,100,2018-08-14T05:07:25.748,2018-08-14T05:07:25.752
choice-moving,Surfer13@bmm,4851,325,6173,6173,650,NULL,1012077,1011693,1011693,1011693,CANCEL,BUY,3,93,2018-08-14T05:07:26.424,2018-08-14T05:07:26.427
choice-moving,Surfer9@bmm,4847,325,6173,6173,651,NULL,1012078,1012061,1012061,1012061,CANCEL,SELL,1,2,2018-08-14T05:07:26.570,2018-08-14T05:07:26.573
choice-moving,Surfer17@bmm,4855,325,6173,6173,653,NULL,1012079,1012079,1012079,1012091,LIMIT,BUY,4,0,2018-08-14T05:07:27.453,2018-08-14T05:07:44.819
choice-moving,Surfer9@bmm,4847,325,6173,6173,651,NULL,1012080,1012058,1012058,1012058,CANCEL,SELL,1,2,2018-08-14T05:07:27.995,2018-08-14T05:07:27.998
choice-moving,Surfer8@bmm,4846,325,6173,6173,651,NULL,1012081,1012081,1012081,1012075,LIMIT,SELL,1,0,2018-08-14T05:07:28.321,2018-08-14T05:07:28.326
choice-moving,Surfer9@bmm,4847,325,6173,6173,651,NULL,1012082,1012055,1012055,1012055,CANCEL,SELL,1,2,2018-08-14T05:07:28.997,2018-08-14T05:07:29
choice-moving,Surfer13@bmm,4851,325,6173,6173,653,NULL,1012083,1011715,1011715,1011743,CANCEL,SELL,1,18,2018-08-14T05:07:32.040,2018-08-14T05:07:32.045
choice-moving,Surfer19@bmm,4857,325,6173,6173,651,NULL,1012084,1012007,1012007,1012007,CANCEL,SELL,4,100,2018-08-14T05:07:33.815,2018-08-14T05:07:33.818
choice-moving,Surfer17@bmm,4855,325,6173,6173,651,NULL,1012085,1012085,1012085,NULL,LIMIT,BUY,1,0,2018-08-14T05:07:37.616,2018-08-14T05:07:37.618
choice-moving,Surfer14@bmm,4852,325,6173,6173,651,NULL,1012086,1012086,1012086,0,LIMIT,BUY,3,8,2018-08-14T05:07:38.241,2018-08-14T05:07:38.250
choice-moving,Surfer14@bmm,4852,325,6173,6173,651,NULL,1012087,1012086,1012086,1012063,LIMIT,BUY,1,1,2018-08-14T05:07:38.245,2018-08-14T05:07:38.250
choice-moving,Surfer14@bmm,4852,325,6173,6173,651,NULL,1012088,1012086,1012086,1012068,LIMIT,BUY,1,1,2018-08-14T05:07:38.247,2018-08-14T05:07:38.250
choice-moving,Surfer14@bmm,4852,325,6173,6173,651,NULL,1012089,1012086,1012086,1012069,LIMIT,BUY,1,1,2018-08-14T05:07:38.248,2018-08-14T05:07:38.251
choice-moving,Surfer13@bmm,4851,325,6173,6173,653,NULL,1012090,1011708,1011708,1011708,CANCEL,SELL,2,41,2018-08-14T05:07:39.909,2018-08-14T05:07:39.913
choice-moving,Surfer19@bmm,4857,325,6173,6173,653,NULL,1012091,1012091,1012091,1012079,LIMIT,SELL,4,0,2018-08-14T05:07:44.814,2018-08-14T05:07:44.819
# orders -- end



# final holdings -- begin
account,email,owner,marketplace,session,cash,Security 361,Security 468,Security 489,Security 532
choice-moving,Surfer1@bmm,4839,325,6173,975,0,0,0,2
choice-moving,Surfer2@bmm,4840,325,6173,821,4,0,0,0
choice-moving,Surfer3@bmm,4841,325,6173,907,0,0,0,0
choice-moving,Surfer4@bmm,4842,325,6173,225,10,0,0,0
choice-moving,Surfer5@bmm,4843,325,6173,803,0,1,0,4
choice-moving,Surfer6@bmm,4844,325,6173,823,4,0,0,0
choice-moving,Surfer7@bmm,4845,325,6173,1011,0,2,0,1
choice-moving,Surfer8@bmm,4846,325,6173,958,0,0,0,0
choice-moving,Surfer9@bmm,4847,325,6173,779,0,5,0,11
choice-moving,Surfer10@bmm,4848,325,6173,810,4,0,0,0
choice-moving,Surfer11@bmm,4849,325,6173,809,0,2,0,3
choice-moving,Surfer12@bmm,4850,325,6173,2,8,2,4,0
choice-moving,Surfer13@bmm,4851,325,6173,825,0,0,0,3
choice-moving,Surfer14@bmm,4852,325,6173,872,1,11,5,8
choice-moving,Surfer15@bmm,4853,325,6173,1204,0,0,0,0
choice-moving,Surfer16@bmm,4854,325,6173,1068,0,13,27,0
choice-moving,Surfer17@bmm,4855,325,6173,950,0,0,0,8
choice-moving,Surfer18@bmm,4856,325,6173,658,4,0,0,0
choice-moving,Surfer19@bmm,4857,325,6173,700,1,4,0,0
choice-moving,Surfer20@bmm,4858,325,6173,800,4,0,4,0
choice-moving,Surfer21@bmm,4859,325,6173,800,0,4,0,4
choice-moving,Surfer22@bmm,4860,325,6173,800,4,0,4,0
choice-moving,Surfer23@bmm,4954,325,6173,800,0,4,0,4
choice-moving,Surfer24@bmm,4955,325,6173,800,4,0,4,0
choice-moving,Surfer25@bmm,4956,325,6173,800,0,4,0,4
# final holdings -- end
# initial holdings -- begin
account,email,owner,marketplace,session,cash,Security 361,Security 468,Security 489,Security 532
choice-moving,Surfer1@bmm,4839,325,6393,800,0,4,0,4
choice-moving,Surfer2@bmm,4840,325,6393,800,4,0,4,0
choice-moving,Surfer3@bmm,4841,325,6393,800,0,4,0,4
choice-moving,Surfer4@bmm,4842,325,6393,800,4,0,4,0
choice-moving,Surfer5@bmm,4843,325,6393,800,0,4,0,4
choice-moving,Surfer6@bmm,4844,325,6393,800,4,0,4,0
choice-moving,Surfer7@bmm,4845,325,6393,800,0,4,0,4
choice-moving,Surfer8@bmm,4846,325,6393,800,4,0,4,0
choice-moving,Surfer9@bmm,4847,325,6393,800,0,4,0,4
choice-moving,Surfer10@bmm,4848,325,6393,800,4,0,4,0
choice-moving,Surfer11@bmm,4849,325,6393,800,0,4,0,4
choice-moving,Surfer12@bmm,4850,325,6393,800,4,0,4,0
choice-moving,Surfer13@bmm,4851,325,6393,800,0,4,0,4
choice-moving,Surfer14@bmm,4852,325,6393,800,4,0,4,0
choice-moving,Surfer15@bmm,4853,325,6393,800,0,4,0,4
choice-moving,Surfer16@bmm,4854,325,6393,800,4,0,4,0
choice-moving,Surfer17@bmm,4855,325,6393,800,0,4,0,4
choice-moving,Surfer18@bmm,4856,325,6393,800,4,0,4,0
choice-moving,Surfer19@bmm,4857,325,6393,800,0,4,0,4
choice-moving,Surfer20@bmm,4858,325,6393,800,4,0,4,0
choice-moving,Surfer21@bmm,4859,325,6393,800,0,4,0,4
choice-moving,Surfer22@bmm,4860,325,6393,800,4,0,4,0
choice-moving,Surfer23@bmm,4954,325,6393,800,0,4,0,4
choice-moving,Surfer24@bmm,4955,325,6393,800,4,0,4,0
choice-moving,Surfer25@bmm,4956,325,6393,800,0,4,0,4
# initial holdings -- end



# orders -- begin
account,email,owner,marketplace,session,period,market,target,order,original,supplier,consumer,type,side,units,price,createdDate,lastModifiedDate
choice-moving,Surfer3@bmm,4841,325,6393,6393,650,NULL,1061550,1061550,1061550,1061897,LIMIT,BUY,1,93,2018-08-17T05:05:05.735,2018-08-17T05:12:01.011
choice-moving,Surfer3@bmm,4841,325,6393,6393,650,NULL,1061551,1061551,1061551,1061694,LIMIT,BUY,1,87,2018-08-17T05:05:07.217,2018-08-17T05:07:33.649
choice-moving,Surfer3@bmm,4841,325,6393,6393,650,NULL,1061552,1061552,1061552,1061896,LIMIT,BUY,1,92,2018-08-17T05:05:09.569,2018-08-17T05:11:59.490
choice-moving,Surfer3@bmm,4841,325,6393,6393,650,NULL,1061553,1061553,1061553,1061621,LIMIT,BUY,1,95,2018-08-17T05:05:11.670,2018-08-17T05:06:09.469
choice-moving,Surfer9@bmm,4847,325,6393,6393,653,NULL,1061554,1061554,1061554,NULL,LIMIT,SELL,1,81,2018-08-17T05:05:12.112,2018-08-17T05:05:12.114
choice-moving,Surfer9@bmm,4847,325,6393,6393,650,NULL,1061555,1061555,1061555,NULL,LIMIT,BUY,1,87,2018-08-17T05:05:19.397,2018-08-17T05:05:19.402
choice-moving,Surfer15@bmm,4853,325,6393,6393,653,NULL,1061556,1061556,1061556,1061727,LIMIT,SELL,1,1,2018-08-17T05:05:21.144,2018-08-17T05:08:05.315
choice-moving,Surfer15@bmm,4853,325,6393,6393,653,NULL,1061557,1061557,1061557,NULL,LIMIT,SELL,1,1,2018-08-17T05:05:21.390,2018-08-17T05:05:21.393
choice-moving,Surfer15@bmm,4853,325,6393,6393,653,NULL,1061558,1061558,1061558,1061562,LIMIT,SELL,1,1,2018-08-17T05:05:22.087,2018-08-17T05:05:28.153
choice-moving,Surfer15@bmm,4853,325,6393,6393,653,NULL,1061559,1061559,1061559,1061561,LIMIT,SELL,1,1,2018-08-17T05:05:23.219,2018-08-17T05:05:27.652
choice-moving,Surfer4@bmm,4842,325,6393,6393,650,NULL,1061560,1061560,1061560,1061571,LIMIT,BUY,1,99,2018-08-17T05:05:23.755,2018-08-17T05:05:41.322
choice-moving,Surfer15@bmm,4853,325,6393,6393,653,NULL,1061561,1061559,1061559,1061559,CANCEL,SELL,1,1,2018-08-17T05:05:27.647,2018-08-17T05:05:27.652
choice-moving,Surfer15@bmm,4853,325,6393,6393,653,NULL,1061562,1061558,1061558,1061558,CANCEL,SELL,1,1,2018-08-17T05:05:28.149,2018-08-17T05:05:28.153
choice-moving,Surfer7@bmm,4845,325,6393,6393,653,NULL,1061563,1061563,1061563,NULL,LIMIT,SELL,1,1,2018-08-17T05:05:32.148,2018-08-17T05:05:32.150
choice-moving,Surfer15@bmm,4853,325,6393,6393,650,NULL,1061564,1061564,1061564,1061603,LIMIT,BUY,1,99,2018-08-17T05:05:33.051,2018-08-17T05:06:01.070
choice-moving,Surfer13@bmm,4851,325,6393,6393,653,NULL,1061565,1061565,1061565,1061695,LIMIT,SELL,4,4,2018-08-17T05:05:33.597,2018-08-17T05:07:34.159
choice-moving,Surfer8@bmm,4846,325,6393,6393,650,NULL,1061566,1061566,1061566,1061596,LIMIT,SELL,1,100,2018-08-17T05:05:34.178,2018-08-17T05:06:00.002
choice-moving,Surfer9@bmm,4847,325,6393,6393,651,NULL,1061567,1061567,1061567,1061574,LIMIT,SELL,1,76,2018-08-17T05:05:36.136,2018-08-17T05:05:42.805
choice-moving,Surfer7@bmm,4845,325,6393,6393,653,NULL,1061568,1061568,1061568,NULL,LIMIT,SELL,1,1,2018-08-17T05:05:38.511,2018-08-17T05:05:38.513
choice-moving,Surfer7@bmm,4845,325,6393,6393,653,NULL,1061569,1061569,1061569,NULL,LIMIT,SELL,1,1,2018-08-17T05:05:39.225,2018-08-17T05:05:39.227
choice-moving,Surfer7@bmm,4845,325,6393,6393,653,NULL,1061570,1061570,1061570,1061907,LIMIT,SELL,1,1,2018-08-17T05:05:39.843,2018-08-17T05:12:19.111
choice-moving,Surfer8@bmm,4846,325,6393,6393,650,NULL,1061571,1061571,1061571,1061560,LIMIT,SELL,1,99,2018-08-17T05:05:41.317,2018-08-17T05:05:41.322
choice-moving,Surfer10@bmm,4848,325,6393,6393,652,NULL,1061572,1061572,1061572,0,LIMIT,SELL,3,20,2018-08-17T05:05:42.041,2018-08-17T05:05:57.241
choice-moving,Surfer2@bmm,4840,325,6393,6393,650,NULL,1061573,1061573,1061573,NULL,LIMIT,BUY,1,22,2018-08-17T05:05:42.377,2018-08-17T05:05:42.379
choice-moving,Surfer15@bmm,4853,325,6393,6393,651,NULL,1061574,1061574,1061574,1061567,LIMIT,BUY,1,76,2018-08-17T05:05:42.800,2018-08-17T05:05:42.805
choice-moving,Surfer2@bmm,4840,325,6393,6393,650,NULL,1061575,1061575,1061575,NULL,LIMIT,BUY,1,22,2018-08-17T05:05:42.874,2018-08-17T05:05:42.876
choice-moving,Surfer4@bmm,4842,325,6393,6393,651,NULL,1061576,1061576,1061576,1061639,LIMIT,BUY,1,76,2018-08-17T05:05:44.364,2018-08-17T05:06:22.122
choice-moving,Surfer2@bmm,4840,325,6393,6393,650,NULL,1061577,1061577,1061577,NULL,LIMIT,BUY,1,22,2018-08-17T05:05:44.411,2018-08-17T05:05:44.413
choice-moving,Surfer19@bmm,4857,325,6393,6393,653,NULL,1061578,1061578,1061578,NULL,LIMIT,SELL,1,3,2018-08-17T05:05:46.129,2018-08-17T05:05:46.131
choice-moving,Surfer17@bmm,4855,325,6393,6393,651,NULL,1061579,1061579,1061579,1061648,LIMIT,BUY,1,69,2018-08-17T05:05:48.394,2018-08-17T05:06:29.281
choice-moving,Surfer2@bmm,4840,325,6393,6393,652,NULL,1061580,1061580,1061580,NULL,LIMIT,SELL,1,38,2018-08-17T05:05:49.398,2018-08-17T05:05:49.400
choice-moving,Surfer12@bmm,4850,325,6393,6393,650,NULL,1061581,1061581,1061581,NULL,LIMIT,BUY,3,80,2018-08-17T05:05:50.576,2018-08-17T05:05:50.578
choice-moving,Surfer2@bmm,4840,325,6393,6393,652,NULL,1061582,1061582,1061582,NULL,LIMIT,SELL,1,38,2018-08-17T05:05:50.836,2018-08-17T05:05:50.838
choice-moving,Surfer19@bmm,4857,325,6393,6393,653,NULL,1061583,1061583,1061583,NULL,LIMIT,SELL,1,1,2018-08-17T05:05:51.487,2018-08-17T05:05:51.489
choice-moving,Surfer19@bmm,4857,325,6393,6393,653,NULL,1061584,1061584,1061584,NULL,LIMIT,SELL,1,1,2018-08-17T05:05:51.730,2018-08-17T05:05:51.733
choice-moving,Surfer17@bmm,4855,325,6393,6393,651,NULL,1061585,1061585,1061585,1061667,LIMIT,BUY,1,40,2018-08-17T05:05:51.806,2018-08-17T05:06:42.028
choice-moving,Surfer19@bmm,4857,325,6393,6393,653,NULL,1061586,1061586,1061586,NULL,LIMIT,SELL,1,1,2018-08-17T05:05:52.535,2018-08-17T05:05:52.537
choice-moving,Surfer2@bmm,4840,325,6393,6393,652,NULL,1061587,1061587,1061587,NULL,LIMIT,SELL,1,95,2018-08-17T05:05:54.107,2018-08-17T05:05:54.109
choice-moving,Surfer2@bmm,4840,325,6393,6393,652,NULL,1061588,1061588,1061588,NULL,LIMIT,SELL,1,95,2018-08-17T05:05:54.939,2018-08-17T05:05:54.941
choice-moving,Surfer17@bmm,4855,325,6393,6393,651,NULL,1061589,1061589,1061589,1061662,LIMIT,BUY,1,68,2018-08-17T05:05:55.167,2018-08-17T05:06:38.082
choice-moving,Surfer2@bmm,4840,325,6393,6393,652,NULL,1061590,1061590,1061590,0,LIMIT,BUY,1,95,2018-08-17T05:05:57.228,2018-08-17T05:05:57.241
choice-moving,Surfer2@bmm,4840,325,6393,6393,652,NULL,1061591,1061590,1061590,1061592,LIMIT,BUY,1,20,2018-08-17T05:05:57.233,2018-08-17T05:05:57.241
choice-moving,Surfer10@bmm,4848,325,6393,6393,652,NULL,1061592,1061572,1061572,1061591,LIMIT,SELL,1,20,2018-08-17T05:05:57.235,2018-08-17T05:05:57.241
choice-moving,Surfer10@bmm,4848,325,6393,6393,652,NULL,1061593,1061572,1061572,0,LIMIT,SELL,2,20,2018-08-17T05:05:42.041,2018-08-17T05:06:10.907
choice-moving,Surfer2@bmm,4840,325,6393,6393,652,NULL,1061594,1061594,1061594,NULL,LIMIT,SELL,1,95,2018-08-17T05:05:58.797,2018-08-17T05:05:58.799
choice-moving,Surfer4@bmm,4842,325,6393,6393,652,NULL,1061595,1061595,1061595,1061636,LIMIT,SELL,1,31,2018-08-17T05:05:59.844,2018-08-17T05:06:19.405
choice-moving,Surfer17@bmm,4855,325,6393,6393,650,NULL,1061596,1061596,1061596,1061566,LIMIT,BUY,1,100,2018-08-17T05:05:59.997,2018-08-17T05:06:00.002
choice-moving,Surfer4@bmm,4842,325,6393,6393,652,NULL,1061597,1061597,1061597,1061646,LIMIT,SELL,1,31,2018-08-17T05:06:00.079,2018-08-17T05:06:27.459
choice-moving,Surfer4@bmm,4842,325,6393,6393,652,NULL,1061598,1061598,1061598,1061657,LIMIT,SELL,1,31,2018-08-17T05:06:00.430,2018-08-17T05:06:33.842
choice-moving,Surfer4@bmm,4842,325,6393,6393,652,NULL,1061599,1061599,1061599,1061722,LIMIT,SELL,1,31,2018-08-17T05:06:00.502,2018-08-17T05:07:51.462
choice-moving,Surfer3@bmm,4841,325,6393,6393,653,NULL,1061600,1061600,1061600,NULL,LIMIT,SELL,1,1,2018-08-17T05:06:00.752,2018-08-17T05:06:00.754
choice-moving,Surfer13@bmm,4851,325,6393,6393,651,NULL,1061601,1061601,1061601,1061622,LIMIT,SELL,1,90,2018-08-17T05:06:00.913,2018-08-17T05:06:10.608
choice-moving,Surfer8@bmm,4846,325,6393,6393,650,NULL,1061602,1061602,1061602,0,LIMIT,SELL,1,80,2018-08-17T05:06:01.062,2018-08-17T05:06:01.070
choice-moving,Surfer8@bmm,4846,325,6393,6393,650,NULL,1061603,1061602,1061602,1061564,LIMIT,SELL,1,99,2018-08-17T05:06:01.067,2018-08-17T05:06:01.071
choice-moving,Surfer15@bmm,4853,325,6393,6393,652,NULL,1061604,1061604,1061604,1061634,LIMIT,BUY,1,2,2018-08-17T05:06:01.538,2018-08-17T05:06:16.220
choice-moving,Surfer3@bmm,4841,325,6393,6393,653,NULL,1061605,1061605,1061605,NULL,LIMIT,SELL,1,1,2018-08-17T05:06:01.582,2018-08-17T05:06:01.585
choice-moving,Surfer3@bmm,4841,325,6393,6393,653,NULL,1061606,1061606,1061606,NULL,LIMIT,SELL,1,1,2018-08-17T05:06:02.247,2018-08-17T05:06:02.250
choice-moving,Surfer3@bmm,4841,325,6393,6393,653,NULL,1061607,1061607,1061607,NULL,LIMIT,SELL,1,1,2018-08-17T05:06:02.916,2018-08-17T05:06:02.918
choice-moving,Surfer14@bmm,4852,325,6393,6393,650,NULL,1061608,1061608,1061608,1061615,LIMIT,BUY,1,98,2018-08-17T05:06:03.642,2018-08-17T05:06:07.980
choice-moving,Surfer5@bmm,4843,325,6393,6393,651,NULL,1061609,1061609,1061609,1061900,LIMIT,BUY,1,0,2018-08-17T05:06:04.019,2018-08-17T05:12:09.133
choice-moving,Surfer1@bmm,4839,325,6393,6393,653,NULL,1061610,1061610,1061610,1061848,LIMIT,SELL,1,77,2018-08-17T05:06:04.921,2018-08-17T05:11:17.032
choice-moving,Surfer2@bmm,4840,325,6393,6393,650,NULL,1061611,1061611,1061611,NULL,LIMIT,BUY,1,29,2018-08-17T05:06:05.939,2018-08-17T05:06:05.941
choice-moving,Surfer2@bmm,4840,325,6393,6393,650,NULL,1061612,1061612,1061612,NULL,LIMIT,BUY,1,29,2018-08-17T05:06:06.283,2018-08-17T05:06:06.286
choice-moving,Surfer1@bmm,4839,325,6393,6393,653,NULL,1061613,1061613,1061613,1061844,LIMIT,SELL,1,77,2018-08-17T05:06:07.575,2018-08-17T05:11:15.131
choice-moving,Surfer2@bmm,4840,325,6393,6393,650,NULL,1061614,1061614,1061614,0,LIMIT,SELL,1,29,2018-08-17T05:06:07.971,2018-08-17T05:06:07.980
choice-moving,Surfer2@bmm,4840,325,6393,6393,650,NULL,1061615,1061614,1061614,1061608,LIMIT,SELL,1,98,2018-08-17T05:06:07.977,2018-08-17T05:06:07.980
choice-moving,Surfer6@bmm,4844,325,6393,6393,650,NULL,1061616,1061616,1061616,1061618,LIMIT,BUY,1,99,2018-08-17T05:06:08.436,2018-08-17T05:06:08.782
choice-moving,Surfer2@bmm,4840,325,6393,6393,650,NULL,1061617,1061617,1061617,0,LIMIT,SELL,1,29,2018-08-17T05:06:08.771,2018-08-17T05:06:08.782
choice-moving,Surfer2@bmm,4840,325,6393,6393,650,NULL,1061618,1061617,1061617,1061616,LIMIT,SELL,1,99,2018-08-17T05:06:08.779,2018-08-17T05:06:08.783
choice-moving,Surfer1@bmm,4839,325,6393,6393,653,NULL,1061619,1061619,1061619,1061842,LIMIT,SELL,1,77,2018-08-17T05:06:09.330,2018-08-17T05:11:14.519
choice-moving,Surfer2@bmm,4840,325,6393,6393,650,NULL,1061620,1061620,1061620,0,LIMIT,SELL,1,29,2018-08-17T05:06:09.460,2018-08-17T05:06:09.468
choice-moving,Surfer2@bmm,4840,325,6393,6393,650,NULL,1061621,1061620,1061620,1061553,LIMIT,SELL,1,95,2018-08-17T05:06:09.465,2018-08-17T05:06:09.469
choice-moving,Surfer13@bmm,4851,325,6393,6393,651,NULL,1061622,1061601,1061601,1061601,CANCEL,SELL,1,90,2018-08-17T05:06:10.604,2018-08-17T05:06:10.608
choice-moving,Surfer4@bmm,4842,325,6393,6393,652,NULL,1061623,1061623,1061623,0,LIMIT,BUY,1,100,2018-08-17T05:06:10.895,2018-08-17T05:06:10.907
choice-moving,Surfer4@bmm,4842,325,6393,6393,652,NULL,1061624,1061623,1061623,1061625,LIMIT,BUY,1,20,2018-08-17T05:06:10.900,2018-08-17T05:06:10.907
choice-moving,Surfer10@bmm,4848,325,6393,6393,652,NULL,1061625,1061572,1061593,1061624,LIMIT,SELL,1,20,2018-08-17T05:06:10.902,2018-08-17T05:06:10.907
choice-moving,Surfer10@bmm,4848,325,6393,6393,652,NULL,1061626,1061572,1061593,1061629,LIMIT,SELL,1,20,2018-08-17T05:05:42.041,2018-08-17T05:06:13.653
choice-moving,Surfer5@bmm,4843,325,6393,6393,653,NULL,1061627,1061627,1061627,1061643,LIMIT,SELL,1,0,2018-08-17T05:06:11.921,2018-08-17T05:06:26.956
choice-moving,Surfer14@bmm,4852,325,6393,6393,650,NULL,1061628,1061628,1061628,1061633,LIMIT,BUY,1,96,2018-08-17T05:06:12.180,2018-08-17T05:06:14.604
choice-moving,Surfer15@bmm,4853,325,6393,6393,652,NULL,1061629,1061629,1061629,1061626,LIMIT,BUY,1,20,2018-08-17T05:06:13.648,2018-08-17T05:06:13.653
choice-moving,Surfer13@bmm,4851,325,6393,6393,651,NULL,1061630,1061630,1061630,1061665,LIMIT,SELL,1,95,2018-08-17T05:06:13.864,2018-08-17T05:06:42.014
choice-moving,Surfer1@bmm,4839,325,6393,6393,653,NULL,1061631,1061631,1061631,1061846,LIMIT,SELL,1,85,2018-08-17T05:06:14.127,2018-08-17T05:11:15.802
choice-moving,Surfer2@bmm,4840,325,6393,6393,650,NULL,1061632,1061632,1061632,0,LIMIT,SELL,1,92,2018-08-17T05:06:14.596,2018-08-17T05:06:14.604
choice-moving,Surfer2@bmm,4840,325,6393,6393,650,NULL,1061633,1061632,1061632,1061628,LIMIT,SELL,1,96,2018-08-17T05:06:14.601,2018-08-17T05:06:14.604
choice-moving,Surfer15@bmm,4853,325,6393,6393,652,NULL,1061634,1061604,1061604,1061604,CANCEL,BUY,1,2,2018-08-17T05:06:16.216,2018-08-17T05:06:16.220
choice-moving,Surfer10@bmm,4848,325,6393,6393,650,NULL,1061635,1061635,1061635,1061680,LIMIT,BUY,1,96,2018-08-17T05:06:18.718,2018-08-17T05:07:02.926
choice-moving,Surfer15@bmm,4853,325,6393,6393,652,NULL,1061636,1061636,1061636,1061595,LIMIT,BUY,1,31,2018-08-17T05:06:19.399,2018-08-17T05:06:19.405
choice-moving,Surfer4@bmm,4842,325,6393,6393,650,NULL,1061637,1061637,1061637,NULL,LIMIT,BUY,1,99,2018-08-17T05:06:20.678,2018-08-17T05:06:20.680
choice-moving,Surfer5@bmm,4843,325,6393,6393,651,NULL,1061638,1061638,1061638,0,LIMIT,SELL,1,0,2018-08-17T05:06:22.114,2018-08-17T05:06:22.122
choice-moving,Surfer5@bmm,4843,325,6393,6393,651,NULL,1061639,1061638,1061638,1061576,LIMIT,SELL,1,76,2018-08-17T05:06:22.119,2018-08-17T05:06:22.122
choice-moving,Surfer13@bmm,4851,325,6393,6393,650,NULL,1061640,1061640,1061640,NULL,LIMIT,BUY,1,99,2018-08-17T05:06:22.329,2018-08-17T05:06:22.331
choice-moving,Surfer14@bmm,4852,325,6393,6393,650,NULL,1061641,1061641,1061641,1061644,LIMIT,BUY,1,95,2018-08-17T05:06:24.664,2018-08-17T05:06:27.130
choice-moving,Surfer13@bmm,4851,325,6393,6393,650,NULL,1061642,1061642,1061642,NULL,LIMIT,BUY,1,99,2018-08-17T05:06:26.943,2018-08-17T05:06:26.945
choice-moving,Surfer3@bmm,4841,325,6393,6393,653,NULL,1061643,1061643,1061643,1061627,LIMIT,BUY,1,0,2018-08-17T05:06:26.948,2018-08-17T05:06:26.956
choice-moving,Surfer14@bmm,4852,325,6393,6393,650,NULL,1061644,1061641,1061641,1061641,CANCEL,BUY,1,95,2018-08-17T05:06:27.126,2018-08-17T05:06:27.130
choice-moving,Surfer2@bmm,4840,325,6393,6393,652,NULL,1061645,1061645,1061645,0,LIMIT,BUY,1,44,2018-08-17T05:06:27.451,2018-08-17T05:06:27.459
choice-moving,Surfer2@bmm,4840,325,6393,6393,652,NULL,1061646,1061645,1061645,1061597,LIMIT,BUY,1,31,2018-08-17T05:06:27.456,2018-08-17T05:06:27.460
choice-moving,Surfer5@bmm,4843,325,6393,6393,651,NULL,1061647,1061647,1061647,0,LIMIT,SELL,1,0,2018-08-17T05:06:29.272,2018-08-17T05:06:29.281
choice-moving,Surfer5@bmm,4843,325,6393,6393,651,NULL,1061648,1061647,1061647,1061579,LIMIT,SELL,1,69,2018-08-17T05:06:29.277,2018-08-17T05:06:29.281
choice-moving,Surfer2@bmm,4840,325,6393,6393,652,NULL,1061649,1061649,1061649,NULL,LIMIT,SELL,1,44,2018-08-17T05:06:29.846,2018-08-17T05:06:29.848
choice-moving,Surfer17@bmm,4855,325,6393,6393,653,NULL,1061650,1061650,1061650,NULL,LIMIT,SELL,1,19,2018-08-17T05:06:30.069,2018-08-17T05:06:30.071
choice-moving,Surfer14@bmm,4852,325,6393,6393,650,NULL,1061651,1061651,1061651,1061905,LIMIT,BUY,1,99,2018-08-17T05:06:30.879,2018-08-17T05:12:18.431
choice-moving,Surfer9@bmm,4847,325,6393,6393,653,NULL,1061652,1061652,1061652,NULL,LIMIT,SELL,1,100,2018-08-17T05:06:30.927,2018-08-17T05:06:30.929
choice-moving,Surfer15@bmm,4853,325,6393,6393,650,NULL,1061653,1061653,1061653,NULL,LIMIT,BUY,1,99,2018-08-17T05:06:31.017,2018-08-17T05:06:31.019
choice-moving,Surfer18@bmm,4856,325,6393,6393,653,NULL,1061654,1061654,1061654,1061672,LIMIT,BUY,1,0,2018-08-17T05:06:32.707,2018-08-17T05:06:45.616
choice-moving,Surfer17@bmm,4855,325,6393,6393,653,NULL,1061655,1061655,1061655,NULL,LIMIT,SELL,1,34,2018-08-17T05:06:33.206,2018-08-17T05:06:33.209
choice-moving,Surfer2@bmm,4840,325,6393,6393,652,NULL,1061656,1061656,1061656,0,LIMIT,BUY,1,44,2018-08-17T05:06:33.834,2018-08-17T05:06:33.842
choice-moving,Surfer2@bmm,4840,325,6393,6393,652,NULL,1061657,1061656,1061656,1061598,LIMIT,BUY,1,31,2018-08-17T05:06:33.839,2018-08-17T05:06:33.842
choice-moving,Surfer17@bmm,4855,325,6393,6393,653,NULL,1061658,1061658,1061658,NULL,LIMIT,SELL,1,6,2018-08-17T05:06:34.990,2018-08-17T05:06:34.992
choice-moving,Surfer2@bmm,4840,325,6393,6393,652,NULL,1061659,1061659,1061659,NULL,LIMIT,SELL,1,44,2018-08-17T05:06:36.340,2018-08-17T05:06:36.342
choice-moving,Surfer17@bmm,4855,325,6393,6393,653,NULL,1061660,1061660,1061660,NULL,LIMIT,SELL,1,60,2018-08-17T05:06:36.389,2018-08-17T05:06:36.391
choice-moving,Surfer5@bmm,4843,325,6393,6393,651,NULL,1061661,1061661,1061661,0,LIMIT,SELL,1,0,2018-08-17T05:06:38.074,2018-08-17T05:06:38.082
choice-moving,Surfer5@bmm,4843,325,6393,6393,651,NULL,1061662,1061661,1061661,1061589,LIMIT,SELL,1,68,2018-08-17T05:06:38.079,2018-08-17T05:06:38.083
choice-moving,Surfer2@bmm,4840,325,6393,6393,650,NULL,1061663,1061663,1061663,NULL,LIMIT,BUY,1,29,2018-08-17T05:06:39.963,2018-08-17T05:06:39.966
choice-moving,Surfer2@bmm,4840,325,6393,6393,650,NULL,1061664,1061664,1061664,NULL,LIMIT,BUY,1,29,2018-08-17T05:06:41.595,2018-08-17T05:06:41.598
choice-moving,Surfer15@bmm,4853,325,6393,6393,651,NULL,1061665,1061665,1061665,1061630,LIMIT,BUY,1,95,2018-08-17T05:06:42.008,2018-08-17T05:06:42.013
choice-moving,Surfer5@bmm,4843,325,6393,6393,651,NULL,1061666,1061666,1061666,0,LIMIT,SELL,1,0,2018-08-17T05:06:42.017,2018-08-17T05:06:42.028
choice-moving,Surfer5@bmm,4843,325,6393,6393,651,NULL,1061667,1061666,1061666,1061585,LIMIT,SELL,1,40,2018-08-17T05:06:42.025,2018-08-17T05:06:42.028
choice-moving,Surfer4@bmm,4842,325,6393,6393,651,NULL,1061668,1061668,1061668,1061681,LIMIT,BUY,1,95,2018-08-17T05:06:42.033,2018-08-17T05:07:03.809
choice-moving,Surfer2@bmm,4840,325,6393,6393,650,NULL,1061669,1061669,1061669,NULL,LIMIT,BUY,1,29,2018-08-17T05:06:43.653,2018-08-17T05:06:43.655
choice-moving,Surfer9@bmm,4847,325,6393,6393,650,NULL,1061670,1061670,1061670,NULL,LIMIT,BUY,3,22,2018-08-17T05:06:45.349,2018-08-17T05:06:45.351
choice-moving,Surfer2@bmm,4840,325,6393,6393,650,NULL,1061671,1061671,1061671,NULL,LIMIT,BUY,1,94,2018-08-17T05:06:45.499,2018-08-17T05:06:45.501
choice-moving,Surfer5@bmm,4843,325,6393,6393,653,NULL,1061672,1061672,1061672,1061654,LIMIT,SELL,1,0,2018-08-17T05:06:45.611,2018-08-17T05:06:45.616
choice-moving,Surfer2@bmm,4840,325,6393,6393,650,NULL,1061673,1061673,1061673,NULL,LIMIT,BUY,1,94,2018-08-17T05:06:46.947,2018-08-17T05:06:46.949
choice-moving,Surfer18@bmm,4856,325,6393,6393,653,NULL,1061674,1061674,1061674,1061682,LIMIT,BUY,1,0,2018-08-17T05:06:48.772,2018-08-17T05:07:06.145
choice-moving,Surfer8@bmm,4846,325,6393,6393,650,NULL,1061675,1061675,1061675,1061708,LIMIT,BUY,1,100,2018-08-17T05:06:52.026,2018-08-17T05:07:42.347
choice-moving,Surfer17@bmm,4855,325,6393,6393,650,NULL,1061676,1061676,1061676,1061712,LIMIT,BUY,1,100,2018-08-17T05:06:52.378,2018-08-17T05:07:47.322
choice-moving,Surfer4@bmm,4842,325,6393,6393,652,NULL,1061677,1061677,1061677,1061679,LIMIT,SELL,1,9,2018-08-17T05:06:58.359,2018-08-17T05:07:01.308
choice-moving,Surfer2@bmm,4840,325,6393,6393,650,NULL,1061678,1061678,1061678,NULL,LIMIT,BUY,1,94,2018-08-17T05:06:59.893,2018-08-17T05:06:59.895
choice-moving,Surfer4@bmm,4842,325,6393,6393,652,NULL,1061679,1061677,1061677,1061677,CANCEL,SELL,1,9,2018-08-17T05:07:01.303,2018-08-17T05:07:01.308
choice-moving,Surfer10@bmm,4848,325,6393,6393,650,NULL,1061680,1061635,1061635,1061635,CANCEL,BUY,1,96,2018-08-17T05:07:02.921,2018-08-17T05:07:02.926
choice-moving,Surfer9@bmm,4847,325,6393,6393,651,NULL,1061681,1061681,1061681,1061668,LIMIT,SELL,1,95,2018-08-17T05:07:03.804,2018-08-17T05:07:03.809
choice-moving,Surfer5@bmm,4843,325,6393,6393,653,NULL,1061682,1061682,1061682,1061674,LIMIT,SELL,1,0,2018-08-17T05:07:06.138,2018-08-17T05:07:06.145
choice-moving,Surfer4@bmm,4842,325,6393,6393,652,NULL,1061683,1061683,1061683,1061716,LIMIT,BUY,1,3,2018-08-17T05:07:07.948,2018-08-17T05:07:49.479
choice-moving,Surfer10@bmm,4848,325,6393,6393,650,NULL,1061684,1061684,1061684,1061916,LIMIT,BUY,1,99,2018-08-17T05:07:08.305,2018-08-17T05:12:36.993
choice-moving,Surfer5@bmm,4843,325,6393,6393,653,NULL,1061685,1061685,1061685,1061689,LIMIT,SELL,1,0,2018-08-17T05:07:11.237,2018-08-17T05:07:18.699
choice-moving,Surfer17@bmm,4855,325,6393,6393,651,NULL,1061686,1061686,1061686,1061699,LIMIT,SELL,1,100,2018-08-17T05:07:14.115,2018-08-17T05:07:39.539
choice-moving,Surfer8@bmm,4846,325,6393,6393,652,NULL,1061687,1061687,1061687,1061719,LIMIT,SELL,1,18,2018-08-17T05:07:15.119,2018-08-17T05:07:50.436
choice-moving,Surfer6@bmm,4844,325,6393,6393,652,NULL,1061688,1061688,1061688,1061715,LIMIT,SELL,1,12,2018-08-17T05:07:18.194,2018-08-17T05:07:48.885
choice-moving,Surfer3@bmm,4841,325,6393,6393,653,NULL,1061689,1061689,1061689,1061685,LIMIT,BUY,1,0,2018-08-17T05:07:18.694,2018-08-17T05:07:18.699
choice-moving,Surfer5@bmm,4843,325,6393,6393,650,NULL,1061690,1061690,1061690,NULL,LIMIT,BUY,1,0,2018-08-17T05:07:20.389,2018-08-17T05:07:20.392
choice-moving,Surfer2@bmm,4840,325,6393,6393,650,NULL,1061691,1061691,1061691,NULL,LIMIT,BUY,30,0,2018-08-17T05:07:28.239,2018-08-17T05:07:28.241
choice-moving,Surfer7@bmm,4845,325,6393,6393,651,NULL,1061692,1061692,1061692,1061702,LIMIT,SELL,1,20,2018-08-17T05:07:30.321,2018-08-17T05:07:40.120
choice-moving,Surfer2@bmm,4840,325,6393,6393,650,NULL,1061693,1061693,1061693,NULL,LIMIT,BUY,30,0,2018-08-17T05:07:33.580,2018-08-17T05:07:33.582
choice-moving,Surfer3@bmm,4841,325,6393,6393,650,NULL,1061694,1061551,1061551,1061551,CANCEL,BUY,1,87,2018-08-17T05:07:33.645,2018-08-17T05:07:33.649
choice-moving,Surfer13@bmm,4851,325,6393,6393,653,NULL,1061695,1061565,1061565,1061565,CANCEL,SELL,4,4,2018-08-17T05:07:34.155,2018-08-17T05:07:34.159
choice-moving,Surfer2@bmm,4840,325,6393,6393,650,NULL,1061696,1061696,1061696,NULL,LIMIT,BUY,67,0,2018-08-17T05:07:36.734,2018-08-17T05:07:36.736
choice-moving,Surfer2@bmm,4840,325,6393,6393,650,NULL,1061697,1061697,1061697,NULL,LIMIT,BUY,67,0,2018-08-17T05:07:38.005,2018-08-17T05:07:38.007
choice-moving,Surfer2@bmm,4840,325,6393,6393,650,NULL,1061698,1061698,1061698,NULL,LIMIT,BUY,67,0,2018-08-17T05:07:39.142,2018-08-17T05:07:39.145
choice-moving,Surfer17@bmm,4855,325,6393,6393,651,NULL,1061699,1061686,1061686,1061686,CANCEL,SELL,1,100,2018-08-17T05:07:39.534,2018-08-17T05:07:39.538
choice-moving,Surfer14@bmm,4852,325,6393,6393,652,NULL,1061700,1061700,1061700,1061915,LIMIT,SELL,1,98,2018-08-17T05:07:40.068,2018-08-17T05:12:36.847
choice-moving,Surfer6@bmm,4844,325,6393,6393,651,NULL,1061701,1061701,1061701,0,LIMIT,BUY,1,28,2018-08-17T05:07:40.112,2018-08-17T05:07:40.119
choice-moving,Surfer6@bmm,4844,325,6393,6393,651,NULL,1061702,1061701,1061701,1061692,LIMIT,BUY,1,20,2018-08-17T05:07:40.117,2018-08-17T05:07:40.120
choice-moving,Surfer3@bmm,4841,325,6393,6393,650,NULL,1061703,1061703,1061703,NULL,LIMIT,BUY,1,99,2018-08-17T05:07:40.198,2018-08-17T05:07:40.201
choice-moving,Surfer3@bmm,4841,325,6393,6393,650,NULL,1061704,1061704,1061704,NULL,LIMIT,BUY,1,99,2018-08-17T05:07:41.333,2018-08-17T05:07:41.336
choice-moving,Surfer2@bmm,4840,325,6393,6393,650,NULL,1061705,1061705,1061705,NULL,LIMIT,BUY,98,0,2018-08-17T05:07:41.732,2018-08-17T05:07:41.735
choice-moving,Surfer3@bmm,4841,325,6393,6393,650,NULL,1061706,1061706,1061706,NULL,LIMIT,BUY,1,99,2018-08-17T05:07:41.976,2018-08-17T05:07:41.978
choice-moving,Surfer3@bmm,4841,325,6393,6393,650,NULL,1061707,1061707,1061707,NULL,LIMIT,BUY,1,99,2018-08-17T05:07:42.331,2018-08-17T05:07:42.334
choice-moving,Surfer8@bmm,4846,325,6393,6393,650,NULL,1061708,1061708,1061708,1061675,LIMIT,SELL,1,100,2018-08-17T05:07:42.342,2018-08-17T05:07:42.347
choice-moving,Surfer3@bmm,4841,325,6393,6393,650,NULL,1061709,1061709,1061709,NULL,LIMIT,BUY,1,99,2018-08-17T05:07:43.191,2018-08-17T05:07:43.193
choice-moving,Surfer2@bmm,4840,325,6393,6393,650,NULL,1061710,1061710,1061710,NULL,LIMIT,BUY,98,0,2018-08-17T05:07:43.507,2018-08-17T05:07:43.509
choice-moving,Surfer13@bmm,4851,325,6393,6393,653,NULL,1061711,1061711,1061711,NULL,LIMIT,SELL,4,1,2018-08-17T05:07:44.115,2018-08-17T05:07:44.117
choice-moving,Surfer8@bmm,4846,325,6393,6393,650,NULL,1061712,1061712,1061712,1061676,LIMIT,SELL,1,100,2018-08-17T05:07:47.316,2018-08-17T05:07:47.322
choice-moving,Surfer17@bmm,4855,325,6393,6393,651,NULL,1061713,1061713,1061713,NULL,LIMIT,SELL,1,22,2018-08-17T05:07:47.601,2018-08-17T05:07:47.603
choice-moving,Surfer15@bmm,4853,325,6393,6393,652,NULL,1061714,1061714,1061714,0,LIMIT,BUY,1,99,2018-08-17T05:07:48.877,2018-08-17T05:07:48.885
choice-moving,Surfer15@bmm,4853,325,6393,6393,652,NULL,1061715,1061714,1061714,1061688,LIMIT,BUY,1,12,2018-08-17T05:07:48.882,2018-08-17T05:07:48.885
choice-moving,Surfer14@bmm,4852,325,6393,6393,652,NULL,1061716,1061716,1061716,1061683,LIMIT,SELL,1,3,2018-08-17T05:07:49.473,2018-08-17T05:07:49.479
choice-moving,Surfer5@bmm,4843,325,6393,6393,650,NULL,1061717,1061717,1061717,NULL,LIMIT,BUY,1,0,2018-08-17T05:07:50.405,2018-08-17T05:07:50.407
choice-moving,Surfer15@bmm,4853,325,6393,6393,652,NULL,1061718,1061718,1061718,0,LIMIT,BUY,1,99,2018-08-17T05:07:50.428,2018-08-17T05:07:50.435
choice-moving,Surfer15@bmm,4853,325,6393,6393,652,NULL,1061719,1061718,1061718,1061687,LIMIT,BUY,1,18,2018-08-17T05:07:50.432,2018-08-17T05:07:50.436
choice-moving,Surfer17@bmm,4855,325,6393,6393,651,NULL,1061720,1061720,1061720,NULL,LIMIT,SELL,1,39,2018-08-17T05:07:50.906,2018-08-17T05:07:50.908
choice-moving,Surfer15@bmm,4853,325,6393,6393,652,NULL,1061721,1061721,1061721,0,LIMIT,BUY,1,99,2018-08-17T05:07:51.454,2018-08-17T05:07:51.461
choice-moving,Surfer15@bmm,4853,325,6393,6393,652,NULL,1061722,1061721,1061721,1061599,LIMIT,BUY,1,31,2018-08-17T05:07:51.458,2018-08-17T05:07:51.462
choice-moving,Surfer11@bmm,4849,325,6393,6393,651,NULL,1061723,1061723,1061723,1061786,LIMIT,SELL,4,100,2018-08-17T05:07:52.031,2018-08-17T05:09:55.304
choice-moving,Surfer17@bmm,4855,325,6393,6393,651,NULL,1061724,1061724,1061724,NULL,LIMIT,SELL,1,51,2018-08-17T05:07:53.909,2018-08-17T05:07:53.912
choice-moving,Surfer15@bmm,4853,325,6393,6393,650,NULL,1061725,1061725,1061725,NULL,LIMIT,BUY,1,99,2018-08-17T05:07:56.536,2018-08-17T05:07:56.538
choice-moving,Surfer9@bmm,4847,325,6393,6393,651,NULL,1061726,1061726,1061726,NULL,LIMIT,SELL,1,80,2018-08-17T05:08:03.139,2018-08-17T05:08:03.141
choice-moving,Surfer8@bmm,4846,325,6393,6393,653,NULL,1061727,1061727,1061727,1061556,LIMIT,BUY,1,1,2018-08-17T05:08:05.308,2018-08-17T05:08:05.315
choice-moving,Surfer15@bmm,4853,325,6393,6393,652,NULL,1061728,1061728,1061728,NULL,LIMIT,SELL,1,99,2018-08-17T05:08:08.820,2018-08-17T05:08:08.823
choice-moving,Surfer18@bmm,4856,325,6393,6393,652,NULL,1061729,1061729,1061729,1061758,LIMIT,SELL,1,60,2018-08-17T05:08:09.681,2018-08-17T05:09:14.681
choice-moving,Surfer13@bmm,4851,325,6393,6393,651,NULL,1061730,1061730,1061730,1061785,LIMIT,SELL,2,60,2018-08-17T05:08:10.802,2018-08-17T05:09:54.180
choice-moving,Surfer18@bmm,4856,325,6393,6393,652,NULL,1061731,1061731,1061731,1061760,LIMIT,SELL,1,50,2018-08-17T05:08:14.552,2018-08-17T05:09:15.449
choice-moving,Surfer7@bmm,4845,325,6393,6393,651,NULL,1061732,1061732,1061732,1061774,LIMIT,SELL,1,20,2018-08-17T05:08:16.993,2018-08-17T05:09:36.053
choice-moving,Surfer7@bmm,4845,325,6393,6393,651,NULL,1061733,1061733,1061733,1061737,LIMIT,SELL,1,20,2018-08-17T05:08:17.226,2018-08-17T05:08:19.717
choice-moving,Surfer4@bmm,4842,325,6393,6393,652,NULL,1061734,1061734,1061734,1061770,LIMIT,SELL,1,16,2018-08-17T05:08:18.331,2018-08-17T05:09:30.911
choice-moving,Surfer4@bmm,4842,325,6393,6393,652,NULL,1061735,1061735,1061735,1061769,LIMIT,SELL,1,16,2018-08-17T05:08:18.878,2018-08-17T05:09:29.970
choice-moving,Surfer12@bmm,4850,325,6393,6393,652,NULL,1061736,1061736,1061736,1061911,LIMIT,SELL,1,30,2018-08-17T05:08:19.483,2018-08-17T05:12:30.771
choice-moving,Surfer7@bmm,4845,325,6393,6393,651,NULL,1061737,1061733,1061733,1061733,CANCEL,SELL,1,20,2018-08-17T05:08:19.712,2018-08-17T05:08:19.717
choice-moving,Surfer12@bmm,4850,325,6393,6393,652,NULL,1061738,1061738,1061738,1061910,LIMIT,SELL,1,30,2018-08-17T05:08:20.559,2018-08-17T05:12:27.130
choice-moving,Surfer18@bmm,4856,325,6393,6393,652,NULL,1061739,1061739,1061739,1061761,LIMIT,SELL,1,40,2018-08-17T05:08:21.610,2018-08-17T05:09:16.229
choice-moving,Surfer9@bmm,4847,325,6393,6393,653,NULL,1061740,1061740,1061740,NULL,LIMIT,SELL,1,60,2018-08-17T05:08:24.195,2018-08-17T05:08:24.197
choice-moving,Surfer18@bmm,4856,325,6393,6393,652,NULL,1061741,1061741,1061741,1061743,LIMIT,SELL,1,10,2018-08-17T05:08:27.125,2018-08-17T05:08:27.678
choice-moving,Surfer8@bmm,4846,325,6393,6393,652,NULL,1061742,1061742,1061742,0,LIMIT,BUY,1,16,2018-08-17T05:08:27.670,2018-08-17T05:08:27.678
choice-moving,Surfer8@bmm,4846,325,6393,6393,652,NULL,1061743,1061742,1061742,1061741,LIMIT,BUY,1,10,2018-08-17T05:08:27.675,2018-08-17T05:08:27.678
choice-moving,Surfer7@bmm,4845,325,6393,6393,651,NULL,1061744,1061744,1061744,1061746,LIMIT,SELL,1,10,2018-08-17T05:08:29.734,2018-08-17T05:08:35.997
choice-moving,Surfer8@bmm,4846,325,6393,6393,651,NULL,1061745,1061745,1061745,0,LIMIT,BUY,1,20,2018-08-17T05:08:35.989,2018-08-17T05:08:35.997
choice-moving,Surfer8@bmm,4846,325,6393,6393,651,NULL,1061746,1061745,1061745,1061744,LIMIT,BUY,1,10,2018-08-17T05:08:35.994,2018-08-17T05:08:35.997
choice-moving,Surfer14@bmm,4852,325,6393,6393,652,NULL,1061747,1061747,1061747,1061767,LIMIT,SELL,1,3,2018-08-17T05:08:37.085,2018-08-17T05:09:26.862
choice-moving,Surfer10@bmm,4848,325,6393,6393,652,NULL,1061748,1061748,1061748,1061787,LIMIT,SELL,1,15,2018-08-17T05:08:38.981,2018-08-17T05:09:57.644
choice-moving,Surfer6@bmm,4844,325,6393,6393,652,NULL,1061749,1061749,1061749,1061757,LIMIT,SELL,1,1,2018-08-17T05:08:45.826,2018-08-17T05:09:10.203
choice-moving,Surfer11@bmm,4849,325,6393,6393,653,NULL,1061750,1061750,1061750,NULL,LIMIT,SELL,4,1,2018-08-17T05:08:48.093,2018-08-17T05:08:48.096
choice-moving,Surfer15@bmm,4853,325,6393,6393,651,NULL,1061751,1061751,1061751,NULL,LIMIT,SELL,1,100,2018-08-17T05:09:00.244,2018-08-17T05:09:00.246
choice-moving,Surfer15@bmm,4853,325,6393,6393,651,NULL,1061752,1061752,1061752,NULL,LIMIT,SELL,1,100,2018-08-17T05:09:06.208,2018-08-17T05:09:06.210
choice-moving,Surfer15@bmm,4853,325,6393,6393,651,NULL,1061753,1061753,1061753,NULL,LIMIT,SELL,1,100,2018-08-17T05:09:06.525,2018-08-17T05:09:06.528
choice-moving,Surfer15@bmm,4853,325,6393,6393,651,NULL,1061754,1061754,1061754,NULL,LIMIT,SELL,1,100,2018-08-17T05:09:06.829,2018-08-17T05:09:06.831
choice-moving,Surfer15@bmm,4853,325,6393,6393,651,NULL,1061755,1061755,1061755,NULL,LIMIT,SELL,1,100,2018-08-17T05:09:07.146,2018-08-17T05:09:07.148
choice-moving,Surfer15@bmm,4853,325,6393,6393,651,NULL,1061756,1061756,1061756,NULL,LIMIT,SELL,1,100,2018-08-17T05:09:07.473,2018-08-17T05:09:07.475
choice-moving,Surfer4@bmm,4842,325,6393,6393,652,NULL,1061757,1061757,1061757,1061749,LIMIT,BUY,1,1,2018-08-17T05:09:10.194,2018-08-17T05:09:10.203
choice-moving,Surfer18@bmm,4856,325,6393,6393,652,NULL,1061758,1061729,1061729,1061729,CANCEL,SELL,1,60,2018-08-17T05:09:14.677,2018-08-17T05:09:14.681
choice-moving,Surfer17@bmm,4855,325,6393,6393,651,NULL,1061759,1061759,1061759,NULL,LIMIT,SELL,1,100,2018-08-17T05:09:15.299,2018-08-17T05:09:15.301
choice-moving,Surfer18@bmm,4856,325,6393,6393,652,NULL,1061760,1061731,1061731,1061731,CANCEL,SELL,1,50,2018-08-17T05:09:15.444,2018-08-17T05:09:15.448
choice-moving,Surfer18@bmm,4856,325,6393,6393,652,NULL,1061761,1061739,1061739,1061739,CANCEL,SELL,1,40,2018-08-17T05:09:16.225,2018-08-17T05:09:16.229
choice-moving,Surfer9@bmm,4847,325,6393,6393,653,NULL,1061762,1061762,1061762,NULL,LIMIT,SELL,1,100,2018-08-17T05:09:23.024,2018-08-17T05:09:23.026
choice-moving,Surfer18@bmm,4856,325,6393,6393,652,NULL,1061763,1061763,1061763,1061841,LIMIT,SELL,1,10,2018-08-17T05:09:23.079,2018-08-17T05:11:12.302
choice-moving,Surfer16@bmm,4854,325,6393,6393,650,NULL,1061764,1061764,1061764,NULL,LIMIT,BUY,6,22,2018-08-17T05:09:25.752,2018-08-17T05:09:25.754
choice-moving,Surfer16@bmm,4854,325,6393,6393,650,NULL,1061765,1061765,1061765,1061782,LIMIT,BUY,6,22,2018-08-17T05:09:25.925,2018-08-17T05:09:46.684
choice-moving,Surfer4@bmm,4842,325,6393,6393,652,NULL,1061766,1061766,1061766,0,LIMIT,BUY,1,36,2018-08-17T05:09:26.854,2018-08-17T05:09:26.862
choice-moving,Surfer4@bmm,4842,325,6393,6393,652,NULL,1061767,1061766,1061766,1061747,LIMIT,BUY,1,3,2018-08-17T05:09:26.859,2018-08-17T05:09:26.862
choice-moving,Surfer17@bmm,4855,325,6393,6393,650,NULL,1061768,1061768,1061768,1061793,LIMIT,BUY,1,100,2018-08-17T05:09:29.079,2018-08-17T05:10:03.118
choice-moving,Surfer4@bmm,4842,325,6393,6393,652,NULL,1061769,1061735,1061735,1061735,CANCEL,SELL,1,16,2018-08-17T05:09:29.966,2018-08-17T05:09:29.970
choice-moving,Surfer4@bmm,4842,325,6393,6393,652,NULL,1061770,1061734,1061734,1061734,CANCEL,SELL,1,16,2018-08-17T05:09:30.907,2018-08-17T05:09:30.911
