# initial holdings -- begin
account,email,owner,marketplace,session,cash,Security 127,Security 203, Security 331, Security 409
choice-moving,Surfer1@bmm,4839,324,6172,800,4,0,4,0
choice-moving,Surfer2@bmm,4840,324,6172,800,0,4,0,4
choice-moving,Surfer3@bmm,4841,324,6172,800,4,0,4,0
choice-moving,Surfer4@bmm,4842,324,6172,800,0,4,0,4
choice-moving,Surfer5@bmm,4843,324,6172,800,4,0,4,0
choice-moving,Surfer6@bmm,4844,324,6172,800,0,4,0,4
choice-moving,Surfer7@bmm,4845,324,6172,800,4,0,4,0
choice-moving,Surfer8@bmm,4846,324,6172,800,0,4,0,4
choice-moving,Surfer9@bmm,4847,324,6172,800,4,0,4,0
choice-moving,Surfer10@bmm,4848,324,6172,800,0,4,0,4
choice-moving,Surfer11@bmm,4849,324,6172,800,4,0,4,0
choice-moving,Surfer12@bmm,4850,324,6172,800,0,4,0,4
choice-moving,Surfer13@bmm,4851,324,6172,800,4,0,4,0
choice-moving,Surfer14@bmm,4852,324,6172,800,0,4,0,4
choice-moving,Surfer15@bmm,4853,324,6172,800,4,0,4,0
choice-moving,Surfer16@bmm,4854,324,6172,800,0,4,0,4
choice-moving,Surfer17@bmm,4855,324,6172,800,4,0,4,0
choice-moving,Surfer18@bmm,4856,324,6172,800,0,4,0,4
choice-moving,Surfer19@bmm,4857,324,6172,800,4,0,4,0
choice-moving,Surfer20@bmm,4858,324,6172,800,0,4,0,4
choice-moving,Surfer21@bmm,4859,324,6172,800,4,0,4,0
choice-moving,Surfer22@bmm,4860,324,6172,800,0,4,0,4
choice-moving,Surfer23@bmm,4954,324,6172,800,4,0,4,0
choice-moving,Surfer24@bmm,4955,324,6172,800,0,4,0,4
choice-moving,Surfer25@bmm,4956,324,6172,800,4,0,4,0
# initial holdings -- end



# orders -- begin
account,email,owner,marketplace,session,period,market,target,order,original,supplier,consumer,type,side,units,price,createdDate,lastModifiedDate
choice-moving,Surfer14@bmm,4852,324,6172,6172,646,NULL,1011328,1011328,1011328,1011405,LIMIT,BUY,1,18,2018-08-14T04:53:22.929,2018-08-14T04:54:41.640
choice-moving,Surfer12@bmm,4850,324,6172,6172,646,NULL,1011329,1011329,1011329,1011335,LIMIT,BUY,1,100,2018-08-14T04:53:24.539,2018-08-14T04:53:26.948
choice-moving,Surfer12@bmm,4850,324,6172,6172,646,NULL,1011330,1011330,1011330,1011336,LIMIT,BUY,1,100,2018-08-14T04:53:24.625,2018-08-14T04:53:26.948
choice-moving,Surfer12@bmm,4850,324,6172,6172,646,NULL,1011331,1011331,1011331,1011337,LIMIT,BUY,1,100,2018-08-14T04:53:24.698,2018-08-14T04:53:26.948
choice-moving,Surfer12@bmm,4850,324,6172,6172,646,NULL,1011332,1011332,1011332,1011338,LIMIT,BUY,1,100,2018-08-14T04:53:24.738,2018-08-14T04:53:26.949
choice-moving,Surfer12@bmm,4850,324,6172,6172,646,NULL,1011333,1011333,1011333,1011361,LIMIT,BUY,1,100,2018-08-14T04:53:26.459,2018-08-14T04:53:56.354
choice-moving,Surfer15@bmm,4853,324,6172,6172,646,NULL,1011334,1011334,1011334,0,LIMIT,SELL,4,100,2018-08-14T04:53:26.936,2018-08-14T04:53:26.948
choice-moving,Surfer15@bmm,4853,324,6172,6172,646,NULL,1011335,1011334,1011334,1011329,LIMIT,SELL,1,100,2018-08-14T04:53:26.940,2018-08-14T04:53:26.948
choice-moving,Surfer15@bmm,4853,324,6172,6172,646,NULL,1011336,1011334,1011334,1011330,LIMIT,SELL,1,100,2018-08-14T04:53:26.942,2018-08-14T04:53:26.948
choice-moving,Surfer15@bmm,4853,324,6172,6172,646,NULL,1011337,1011334,1011334,1011331,LIMIT,SELL,1,100,2018-08-14T04:53:26.944,2018-08-14T04:53:26.949
choice-moving,Surfer15@bmm,4853,324,6172,6172,646,NULL,1011338,1011334,1011334,1011332,LIMIT,SELL,1,100,2018-08-14T04:53:26.946,2018-08-14T04:53:26.949
choice-moving,Surfer17@bmm,4855,324,6172,6172,646,NULL,1011339,1011339,1011339,NULL,LIMIT,BUY,1,98,2018-08-14T04:53:26.971,2018-08-14T04:53:26.972
choice-moving,Surfer12@bmm,4850,324,6172,6172,646,NULL,1011340,1011340,1011340,1011362,LIMIT,BUY,1,100,2018-08-14T04:53:27.240,2018-08-14T04:53:56.354
choice-moving,Surfer11@bmm,4849,324,6172,6172,646,NULL,1011341,1011341,1011341,1011571,LIMIT,BUY,4,11,2018-08-14T04:53:28.526,2018-08-14T04:57:13.822
choice-moving,Surfer11@bmm,4849,324,6172,6172,646,NULL,1011342,1011342,1011342,1011570,LIMIT,BUY,4,38,2018-08-14T04:53:30.616,2018-08-14T04:57:12.800
choice-moving,Surfer12@bmm,4850,324,6172,6172,646,NULL,1011343,1011343,1011343,1011363,LIMIT,BUY,1,100,2018-08-14T04:53:35.219,2018-08-14T04:53:56.354
choice-moving,Surfer18@bmm,4856,324,6172,6172,646,NULL,1011344,1011344,1011344,1011467,LIMIT,BUY,1,89,2018-08-14T04:53:35.347,2018-08-14T04:55:18.698
choice-moving,Surfer14@bmm,4852,324,6172,6172,648,NULL,1011345,1011345,1011345,1011349,LIMIT,BUY,1,100,2018-08-14T04:53:35.835,2018-08-14T04:53:40.491
choice-moving,Surfer12@bmm,4850,324,6172,6172,646,NULL,1011346,1011346,1011346,1011391,LIMIT,BUY,1,100,2018-08-14T04:53:35.863,2018-08-14T04:54:37.631
choice-moving,Surfer1@bmm,4839,324,6172,6172,647,NULL,1011347,1011347,1011347,1011585,LIMIT,BUY,1,51,2018-08-14T04:53:38.247,2018-08-14T04:57:33.369
choice-moving,Surfer17@bmm,4855,324,6172,6172,648,NULL,1011348,1011348,1011348,0,LIMIT,SELL,4,100,2018-08-14T04:53:40.480,2018-08-14T04:53:40.490
choice-moving,Surfer17@bmm,4855,324,6172,6172,648,NULL,1011349,1011348,1011348,1011345,LIMIT,SELL,1,100,2018-08-14T04:53:40.485,2018-08-14T04:53:40.491
choice-moving,Surfer17@bmm,4855,324,6172,6172,648,NULL,1011350,1011348,1011348,1011383,LIMIT,SELL,3,100,2018-08-14T04:53:40.480,2018-08-14T04:54:33.105
choice-moving,Surfer15@bmm,4853,324,6172,6172,648,NULL,1011351,1011351,1011351,1011384,LIMIT,SELL,4,100,2018-08-14T04:53:46.148,2018-08-14T04:54:33.105
choice-moving,Surfer8@bmm,4846,324,6172,6172,648,NULL,1011352,1011352,1011352,1011355,LIMIT,BUY,1,91,2018-08-14T04:53:47.786,2018-08-14T04:53:52.773
choice-moving,Surfer11@bmm,4849,324,6172,6172,647,NULL,1011353,1011353,1011353,1011561,LIMIT,BUY,1,80,2018-08-14T04:53:48.193,2018-08-14T04:57:04.032
choice-moving,Surfer7@bmm,4845,324,6172,6172,648,NULL,1011354,1011354,1011354,0,LIMIT,SELL,4,89,2018-08-14T04:53:52.762,2018-08-14T04:53:52.772
choice-moving,Surfer7@bmm,4845,324,6172,6172,648,NULL,1011355,1011354,1011354,1011352,LIMIT,SELL,1,91,2018-08-14T04:53:52.768,2018-08-14T04:53:52.773
choice-moving,Surfer7@bmm,4845,324,6172,6172,648,NULL,1011356,1011354,1011354,1011358,LIMIT,SELL,3,89,2018-08-14T04:53:52.762,2018-08-14T04:53:55.530
choice-moving,Surfer5@bmm,4843,324,6172,6172,646,NULL,1011357,1011357,1011357,NULL,LIMIT,BUY,1,68,2018-08-14T04:53:52.813,2018-08-14T04:53:52.822
choice-moving,Surfer7@bmm,4845,324,6172,6172,648,NULL,1011358,1011354,1011354,1011356,CANCEL,SELL,3,89,2018-08-14T04:53:55.526,2018-08-14T04:53:55.530
choice-moving,Surfer1@bmm,4839,324,6172,6172,648,NULL,1011359,1011359,1011359,1011543,LIMIT,BUY,1,50,2018-08-14T04:53:55.820,2018-08-14T04:56:39.060
choice-moving,Surfer17@bmm,4855,324,6172,6172,646,NULL,1011360,1011360,1011360,0,LIMIT,SELL,3,100,2018-08-14T04:53:56.344,2018-08-14T04:53:56.353
choice-moving,Surfer17@bmm,4855,324,6172,6172,646,NULL,1011361,1011360,1011360,1011333,LIMIT,SELL,1,100,2018-08-14T04:53:56.348,2018-08-14T04:53:56.354
choice-moving,Surfer17@bmm,4855,324,6172,6172,646,NULL,1011362,1011360,1011360,1011340,LIMIT,SELL,1,100,2018-08-14T04:53:56.350,2018-08-14T04:53:56.354
choice-moving,Surfer17@bmm,4855,324,6172,6172,646,NULL,1011363,1011360,1011360,1011343,LIMIT,SELL,1,100,2018-08-14T04:53:56.352,2018-08-14T04:53:56.354
choice-moving,Surfer3@bmm,4841,324,6172,6172,647,NULL,1011364,1011364,1011364,1011398,LIMIT,BUY,1,95,2018-08-14T04:53:57.661,2018-08-14T04:54:38.764
choice-moving,Surfer18@bmm,4856,324,6172,6172,647,NULL,1011365,1011365,1011365,1011464,LIMIT,BUY,1,83,2018-08-14T04:53:57.866,2018-08-14T04:55:16.493
choice-moving,Surfer18@bmm,4856,324,6172,6172,647,NULL,1011366,1011366,1011366,1011470,LIMIT,BUY,1,42,2018-08-14T04:54:01.360,2018-08-14T04:55:21.101
choice-moving,Surfer18@bmm,4856,324,6172,6172,647,NULL,1011367,1011367,1011367,1011542,LIMIT,BUY,1,66,2018-08-14T04:54:02.534,2018-08-14T04:56:37.575
choice-moving,Surfer18@bmm,4856,324,6172,6172,647,NULL,1011368,1011368,1011368,1011469,LIMIT,BUY,1,25,2018-08-14T04:54:05.513,2018-08-14T04:55:20.176
choice-moving,Surfer18@bmm,4856,324,6172,6172,647,NULL,1011369,1011369,1011369,1011462,LIMIT,BUY,1,89,2018-08-14T04:54:06.898,2018-08-14T04:55:15.754
choice-moving,Surfer5@bmm,4843,324,6172,6172,647,NULL,1011370,1011370,1011370,NULL,LIMIT,BUY,1,42,2018-08-14T04:54:07.908,2018-08-14T04:54:07.910
choice-moving,Surfer1@bmm,4839,324,6172,6172,648,NULL,1011371,1011371,1011371,NULL,LIMIT,BUY,1,60,2018-08-14T04:54:08.233,2018-08-14T04:54:08.236
choice-moving,Surfer18@bmm,4856,324,6172,6172,647,NULL,1011372,1011372,1011372,1011459,LIMIT,BUY,1,93,2018-08-14T04:54:08.463,2018-08-14T04:55:15.030
choice-moving,Surfer18@bmm,4856,324,6172,6172,647,NULL,1011373,1011373,1011373,1011540,LIMIT,BUY,1,69,2018-08-14T04:54:09.823,2018-08-14T04:56:36.705
choice-moving,Surfer3@bmm,4841,324,6172,6172,648,NULL,1011374,1011374,1011374,NULL,LIMIT,BUY,1,97,2018-08-14T04:54:11.682,2018-08-14T04:54:11.683
choice-moving,Surfer10@bmm,4848,324,6172,6172,648,NULL,1011375,1011375,1011375,1011635,LIMIT,BUY,1,50,2018-08-14T04:54:12.640,2018-08-14T04:58:49.036
choice-moving,Surfer10@bmm,4848,324,6172,6172,648,NULL,1011376,1011376,1011376,1011642,LIMIT,BUY,1,97,2018-08-14T04:54:21.756,2018-08-14T04:59:10.734
choice-moving,Surfer5@bmm,4843,324,6172,6172,648,NULL,1011377,1011377,1011377,NULL,LIMIT,BUY,1,53,2018-08-14T04:54:23.814,2018-08-14T04:54:23.816
choice-moving,Surfer8@bmm,4846,324,6172,6172,649,NULL,1011378,1011378,1011378,0,LIMIT,SELL,2,7,2018-08-14T04:54:25.281,2018-08-14T04:54:38.014
choice-moving,Surfer18@bmm,4856,324,6172,6172,646,NULL,1011379,1011379,1011379,1011539,LIMIT,BUY,1,91,2018-08-14T04:54:30.203,2018-08-14T04:56:35.569
choice-moving,Surfer16@bmm,4854,324,6172,6172,646,NULL,1011380,1011380,1011380,1011622,LIMIT,BUY,1,1,2018-08-14T04:54:30.241,2018-08-14T04:58:41.357
choice-moving,Surfer14@bmm,4852,324,6172,6172,649,NULL,1011381,1011381,1011381,1011409,LIMIT,SELL,1,100,2018-08-14T04:54:32.010,2018-08-14T04:54:47.089
choice-moving,Surfer19@bmm,4857,324,6172,6172,648,NULL,1011382,1011382,1011382,0,LIMIT,BUY,7,100,2018-08-14T04:54:33.093,2018-08-14T04:54:33.105
choice-moving,Surfer19@bmm,4857,324,6172,6172,648,NULL,1011383,1011382,1011382,1011350,LIMIT,BUY,3,100,2018-08-14T04:54:33.100,2018-08-14T04:54:33.105
choice-moving,Surfer19@bmm,4857,324,6172,6172,648,NULL,1011384,1011382,1011382,1011351,LIMIT,BUY,4,100,2018-08-14T04:54:33.102,2018-08-14T04:54:33.105
choice-moving,Surfer18@bmm,4856,324,6172,6172,646,NULL,1011385,1011385,1011385,1011460,LIMIT,BUY,1,67,2018-08-14T04:54:33.718,2018-08-14T04:55:15.263
choice-moving,Surfer16@bmm,4854,324,6172,6172,646,NULL,1011386,1011386,1011386,1011630,LIMIT,BUY,1,98,2018-08-14T04:54:35.052,2018-08-14T04:58:45.084
choice-moving,Surfer4@bmm,4842,324,6172,6172,646,NULL,1011387,1011387,1011387,1011490,LIMIT,BUY,2,0,2018-08-14T04:54:35.080,2018-08-14T04:55:38.405
choice-moving,Surfer16@bmm,4854,324,6172,6172,646,NULL,1011388,1011388,1011388,1011629,LIMIT,BUY,1,98,2018-08-14T04:54:36.132,2018-08-14T04:58:44.708
choice-moving,Surfer16@bmm,4854,324,6172,6172,646,NULL,1011389,1011389,1011389,1011628,LIMIT,BUY,1,98,2018-08-14T04:54:36.762,2018-08-14T04:58:44.286
choice-moving,Surfer16@bmm,4854,324,6172,6172,646,NULL,1011390,1011390,1011390,1011626,LIMIT,BUY,1,98,2018-08-14T04:54:37.459,2018-08-14T04:58:43.914
choice-moving,Surfer12@bmm,4850,324,6172,6172,646,NULL,1011391,1011346,1011346,1011346,CANCEL,BUY,1,100,2018-08-14T04:54:37.627,2018-08-14T04:54:37.631
choice-moving,Surfer16@bmm,4854,324,6172,6172,646,NULL,1011392,1011392,1011392,1011624,LIMIT,BUY,1,98,2018-08-14T04:54:37.977,2018-08-14T04:58:43.433
choice-moving,Surfer2@bmm,4840,324,6172,6172,649,NULL,1011393,1011393,1011393,1011394,LIMIT,BUY,1,7,2018-08-14T04:54:38.006,2018-08-14T04:54:38.013
choice-moving,Surfer8@bmm,4846,324,6172,6172,649,NULL,1011394,1011378,1011378,1011393,LIMIT,SELL,1,7,2018-08-14T04:54:38.010,2018-08-14T04:54:38.014
choice-moving,Surfer8@bmm,4846,324,6172,6172,649,NULL,1011395,1011378,1011378,1011400,LIMIT,SELL,1,7,2018-08-14T04:54:25.281,2018-08-14T04:54:38.999
choice-moving,Surfer16@bmm,4854,324,6172,6172,646,NULL,1011396,1011396,1011396,1011623,LIMIT,BUY,1,98,2018-08-14T04:54:38.221,2018-08-14T04:58:42.793
choice-moving,Surfer10@bmm,4848,324,6172,6172,647,NULL,1011397,1011397,1011397,0,LIMIT,SELL,1,7,2018-08-14T04:54:38.756,2018-08-14T04:54:38.764
choice-moving,Surfer10@bmm,4848,324,6172,6172,647,NULL,1011398,1011397,1011397,1011364,LIMIT,SELL,1,95,2018-08-14T04:54:38.762,2018-08-14T04:54:38.764
choice-moving,Surfer4@bmm,4842,324,6172,6172,649,NULL,1011399,1011399,1011399,0,LIMIT,BUY,2,7,2018-08-14T04:54:38.990,2018-08-14T04:54:38.999
choice-moving,Surfer4@bmm,4842,324,6172,6172,649,NULL,1011400,1011399,1011399,1011395,LIMIT,BUY,1,7,2018-08-14T04:54:38.994,2018-08-14T04:54:39
choice-moving,Surfer4@bmm,4842,324,6172,6172,649,NULL,1011401,1011399,1011399,1011533,LIMIT,BUY,1,7,2018-08-14T04:54:38.990,2018-08-14T04:56:26.715
choice-moving,Surfer16@bmm,4854,324,6172,6172,646,NULL,1011402,1011402,1011402,1011619,LIMIT,BUY,1,98,2018-08-14T04:54:39.057,2018-08-14T04:58:37.979
choice-moving,Surfer16@bmm,4854,324,6172,6172,646,NULL,1011403,1011403,1011403,1011558,LIMIT,BUY,1,98,2018-08-14T04:54:39.263,2018-08-14T04:56:59.167
choice-moving,Surfer8@bmm,4846,324,6172,6172,646,NULL,1011404,1011404,1011404,1011406,LIMIT,BUY,1,81,2018-08-14T04:54:39.916,2018-08-14T04:54:42.410
choice-moving,Surfer14@bmm,4852,324,6172,6172,646,NULL,1011405,1011328,1011328,1011328,CANCEL,BUY,1,18,2018-08-14T04:54:41.636,2018-08-14T04:54:41.640
choice-moving,Surfer8@bmm,4846,324,6172,6172,646,NULL,1011406,1011404,1011404,1011404,CANCEL,BUY,1,81,2018-08-14T04:54:42.406,2018-08-14T04:54:42.409
choice-moving,Surfer18@bmm,4856,324,6172,6172,648,NULL,1011407,1011407,1011407,1011520,LIMIT,BUY,1,60,2018-08-14T04:54:43.114,2018-08-14T04:56:13.183
choice-moving,Surfer8@bmm,4846,324,6172,6172,646,NULL,1011408,1011408,1011408,1011582,LIMIT,BUY,1,99,2018-08-14T04:54:46.528,2018-08-14T04:57:29.277
choice-moving,Surfer4@bmm,4842,324,6172,6172,649,NULL,1011409,1011409,1011409,1011381,LIMIT,BUY,1,100,2018-08-14T04:54:47.084,2018-08-14T04:54:47.089
choice-moving,Surfer1@bmm,4839,324,6172,6172,649,NULL,1011410,1011410,1011410,NULL,LIMIT,BUY,1,11,2018-08-14T04:54:48.887,2018-08-14T04:54:48.889
choice-moving,Surfer7@bmm,4845,324,6172,6172,649,NULL,1011411,1011411,1011411,1011424,LIMIT,BUY,1,80,2018-08-14T04:54:49.057,2018-08-14T04:54:57.851
choice-moving,Surfer3@bmm,4841,324,6172,6172,649,NULL,1011412,1011412,1011412,NULL,LIMIT,BUY,1,12,2018-08-14T04:54:49.179,2018-08-14T04:54:49.182
choice-moving,Surfer7@bmm,4845,324,6172,6172,649,NULL,1011413,1011413,1011413,1011426,LIMIT,BUY,1,80,2018-08-14T04:54:50.271,2018-08-14T04:54:58.759
choice-moving,Surfer5@bmm,4843,324,6172,6172,649,NULL,1011414,1011414,1011414,NULL,LIMIT,BUY,1,5,2018-08-14T04:54:51.868,2018-08-14T04:54:51.870
choice-moving,Surfer8@bmm,4846,324,6172,6172,647,NULL,1011415,1011415,1011415,1011456,LIMIT,BUY,1,99,2018-08-14T04:54:52.136,2018-08-14T04:55:13.251
choice-moving,Surfer14@bmm,4852,324,6172,6172,649,NULL,1011416,1011416,1011416,1011418,LIMIT,SELL,1,100,2018-08-14T04:54:52.984,2018-08-14T04:54:54.114
choice-moving,Surfer17@bmm,4855,324,6172,6172,649,NULL,1011417,1011417,1011417,1011573,LIMIT,BUY,1,64,2018-08-14T04:54:54.023,2018-08-14T04:57:19.202
choice-moving,Surfer19@bmm,4857,324,6172,6172,649,NULL,1011418,1011418,1011418,1011416,LIMIT,BUY,1,100,2018-08-14T04:54:54.109,2018-08-14T04:54:54.113
choice-moving,Surfer1@bmm,4839,324,6172,6172,649,NULL,1011419,1011419,1011419,1011422,LIMIT,BUY,1,81,2018-08-14T04:54:54.771,2018-08-14T04:54:55.681
choice-moving,Surfer9@bmm,4847,324,6172,6172,646,NULL,1011420,1011420,1011420,0,LIMIT,SELL,4,100,2018-08-14T04:54:54.981,2018-08-14T04:54:58.777
choice-moving,Surfer16@bmm,4854,324,6172,6172,649,NULL,1011421,1011421,1011421,0,LIMIT,SELL,1,1,2018-08-14T04:54:55.674,2018-08-14T04:54:55.680
choice-moving,Surfer16@bmm,4854,324,6172,6172,649,NULL,1011422,1011421,1011421,1011419,LIMIT,SELL,1,81,2018-08-14T04:54:55.679,2018-08-14T04:54:55.681
choice-moving,Surfer16@bmm,4854,324,6172,6172,649,NULL,1011423,1011423,1011423,0,LIMIT,SELL,1,1,2018-08-14T04:54:57.844,2018-08-14T04:54:57.850
choice-moving,Surfer16@bmm,4854,324,6172,6172,649,NULL,1011424,1011423,1011423,1011411,LIMIT,SELL,1,80,2018-08-14T04:54:57.849,2018-08-14T04:54:57.851
choice-moving,Surfer16@bmm,4854,324,6172,6172,649,NULL,1011425,1011425,1011425,0,LIMIT,SELL,1,1,2018-08-14T04:54:58.753,2018-08-14T04:54:58.759
choice-moving,Surfer16@bmm,4854,324,6172,6172,649,NULL,1011426,1011425,1011425,1011413,LIMIT,SELL,1,80,2018-08-14T04:54:58.757,2018-08-14T04:54:58.760
choice-moving,Surfer12@bmm,4850,324,6172,6172,646,NULL,1011427,1011427,1011427,1011428,LIMIT,BUY,1,100,2018-08-14T04:54:58.766,2018-08-14T04:54:58.777
choice-moving,Surfer9@bmm,4847,324,6172,6172,646,NULL,1011428,1011420,1011420,1011427,LIMIT,SELL,1,100,2018-08-14T04:54:58.774,2018-08-14T04:54:58.777
choice-moving,Surfer9@bmm,4847,324,6172,6172,646,NULL,1011429,1011420,1011420,0,LIMIT,SELL,3,100,2018-08-14T04:54:54.981,2018-08-14T04:55:06.964
choice-moving,Surfer3@bmm,4841,324,6172,6172,649,NULL,1011430,1011430,1011430,1011432,LIMIT,BUY,1,85,2018-08-14T04:54:58.816,2018-08-14T04:54:59.537
choice-moving,Surfer16@bmm,4854,324,6172,6172,649,NULL,1011431,1011431,1011431,0,LIMIT,SELL,1,1,2018-08-14T04:54:59.531,2018-08-14T04:54:59.537
choice-moving,Surfer16@bmm,4854,324,6172,6172,649,NULL,1011432,1011431,1011431,1011430,LIMIT,SELL,1,85,2018-08-14T04:54:59.535,2018-08-14T04:54:59.538
choice-moving,Surfer7@bmm,4845,324,6172,6172,649,NULL,1011433,1011433,1011433,1011438,LIMIT,BUY,1,80,2018-08-14T04:54:59.667,2018-08-14T04:55:02.496
choice-moving,Surfer4@bmm,4842,324,6172,6172,646,NULL,1011434,1011434,1011434,1011486,LIMIT,BUY,4,0,2018-08-14T04:55:00.212,2018-08-14T04:55:37.732
choice-moving,Surfer1@bmm,4839,324,6172,6172,649,NULL,1011435,1011435,1011435,1011437,LIMIT,BUY,1,81,2018-08-14T04:55:01.387,2018-08-14T04:55:01.605
choice-moving,Surfer8@bmm,4846,324,6172,6172,649,NULL,1011436,1011436,1011436,0,LIMIT,SELL,1,80,2018-08-14T04:55:01.598,2018-08-14T04:55:01.605
choice-moving,Surfer8@bmm,4846,324,6172,6172,649,NULL,1011437,1011436,1011436,1011435,LIMIT,SELL,1,81,2018-08-14T04:55:01.603,2018-08-14T04:55:01.605
choice-moving,Surfer8@bmm,4846,324,6172,6172,649,NULL,1011438,1011438,1011438,1011433,LIMIT,SELL,1,80,2018-08-14T04:55:02.491,2018-08-14T04:55:02.495
choice-moving,Surfer4@bmm,4842,324,6172,6172,646,NULL,1011439,1011439,1011439,1011484,LIMIT,BUY,2,0,2018-08-14T04:55:03.845,2018-08-14T04:55:37.225
choice-moving,Surfer7@bmm,4845,324,6172,6172,649,NULL,1011440,1011440,1011440,1011474,LIMIT,BUY,1,80,2018-08-14T04:55:04.451,2018-08-14T04:55:26.293
choice-moving,Surfer11@bmm,4849,324,6172,6172,649,NULL,1011441,1011441,1011441,1011643,LIMIT,BUY,1,90,2018-08-14T04:55:06.469,2018-08-14T04:59:11.107
choice-moving,Surfer14@bmm,4852,324,6172,6172,646,NULL,1011442,1011442,1011442,1011443,LIMIT,BUY,1,100,2018-08-14T04:55:06.955,2018-08-14T04:55:06.964
choice-moving,Surfer9@bmm,4847,324,6172,6172,646,NULL,1011443,1011420,1011429,1011442,LIMIT,SELL,1,100,2018-08-14T04:55:06.961,2018-08-14T04:55:06.964
choice-moving,Surfer9@bmm,4847,324,6172,6172,646,NULL,1011444,1011420,1011429,0,LIMIT,SELL,2,100,2018-08-14T04:54:54.981,2018-08-14T04:55:12.093
choice-moving,Surfer13@bmm,4851,324,6172,6172,648,NULL,1011445,1011445,1011445,1011592,LIMIT,BUY,1,98,2018-08-14T04:55:07.272,2018-08-14T04:57:57.255
choice-moving,Surfer4@bmm,4842,324,6172,6172,646,NULL,1011446,1011446,1011446,1011483,LIMIT,BUY,2,0,2018-08-14T04:55:07.806,2018-08-14T04:55:36.773
choice-moving,Surfer17@bmm,4855,324,6172,6172,649,NULL,1011447,1011447,1011447,1011575,LIMIT,BUY,5,90,2018-08-14T04:55:08.216,2018-08-14T04:57:21.307
choice-moving,Surfer5@bmm,4843,324,6172,6172,649,NULL,1011448,1011448,1011448,NULL,LIMIT,BUY,1,43,2018-08-14T04:55:09.319,2018-08-14T04:55:09.321
choice-moving,Surfer4@bmm,4842,324,6172,6172,646,NULL,1011449,1011449,1011449,1011482,LIMIT,BUY,1,0,2018-08-14T04:55:10.301,2018-08-14T04:55:36.062
choice-moving,Surfer18@bmm,4856,324,6172,6172,648,NULL,1011450,1011450,1011450,1011522,LIMIT,BUY,1,26,2018-08-14T04:55:10.598,2018-08-14T04:56:17.863
choice-moving,Surfer11@bmm,4849,324,6172,6172,649,NULL,1011451,1011451,1011451,1011466,LIMIT,BUY,1,92,2018-08-14T04:55:11.783,2018-08-14T04:55:16.674
choice-moving,Surfer14@bmm,4852,324,6172,6172,646,NULL,1011452,1011452,1011452,1011453,LIMIT,BUY,1,100,2018-08-14T04:55:12.086,2018-08-14T04:55:12.093
choice-moving,Surfer9@bmm,4847,324,6172,6172,646,NULL,1011453,1011420,1011444,1011452,LIMIT,SELL,1,100,2018-08-14T04:55:12.090,2018-08-14T04:55:12.093
choice-moving,Surfer9@bmm,4847,324,6172,6172,646,NULL,1011454,1011420,1011444,1011457,LIMIT,SELL,1,100,2018-08-14T04:54:54.981,2018-08-14T04:55:14.545
choice-moving,Surfer16@bmm,4854,324,6172,6172,647,NULL,1011455,1011455,1011455,0,LIMIT,SELL,1,1,2018-08-14T04:55:13.245,2018-08-14T04:55:13.251
choice-moving,Surfer16@bmm,4854,324,6172,6172,647,NULL,1011456,1011455,1011455,1011415,LIMIT,SELL,1,99,2018-08-14T04:55:13.249,2018-08-14T04:55:13.251
choice-moving,Surfer4@bmm,4842,324,6172,6172,646,NULL,1011457,1011457,1011457,1011454,LIMIT,BUY,1,100,2018-08-14T04:55:14.540,2018-08-14T04:55:14.545
choice-moving,Surfer16@bmm,4854,324,6172,6172,647,NULL,1011458,1011458,1011458,0,LIMIT,SELL,1,1,2018-08-14T04:55:15.023,2018-08-14T04:55:15.030
choice-moving,Surfer16@bmm,4854,324,6172,6172,647,NULL,1011459,1011458,1011458,1011372,LIMIT,SELL,1,93,2018-08-14T04:55:15.028,2018-08-14T04:55:15.030
choice-moving,Surfer18@bmm,4856,324,6172,6172,646,NULL,1011460,1011385,1011385,1011385,CANCEL,BUY,1,67,2018-08-14T04:55:15.259,2018-08-14T04:55:15.263
choice-moving,Surfer16@bmm,4854,324,6172,6172,647,NULL,1011461,1011461,1011461,0,LIMIT,SELL,1,1,2018-08-14T04:55:15.748,2018-08-14T04:55:15.754
choice-moving,Surfer16@bmm,4854,324,6172,6172,647,NULL,1011462,1011461,1011461,1011369,LIMIT,SELL,1,89,2018-08-14T04:55:15.752,2018-08-14T04:55:15.754
choice-moving,Surfer16@bmm,4854,324,6172,6172,647,NULL,1011463,1011463,1011463,0,LIMIT,SELL,1,1,2018-08-14T04:55:16.487,2018-08-14T04:55:16.493
choice-moving,Surfer16@bmm,4854,324,6172,6172,647,NULL,1011464,1011463,1011463,1011365,LIMIT,SELL,1,83,2018-08-14T04:55:16.491,2018-08-14T04:55:16.493
choice-moving,Surfer10@bmm,4848,324,6172,6172,649,NULL,1011465,1011465,1011465,0,LIMIT,SELL,1,80,2018-08-14T04:55:16.664,2018-08-14T04:55:16.674
choice-moving,Surfer10@bmm,4848,324,6172,6172,649,NULL,1011466,1011465,1011465,1011451,LIMIT,SELL,1,92,2018-08-14T04:55:16.672,2018-08-14T04:55:16.674
choice-moving,Surfer18@bmm,4856,324,6172,6172,646,NULL,1011467,1011344,1011344,1011344,CANCEL,BUY,1,89,2018-08-14T04:55:18.694,2018-08-14T04:55:18.697
choice-moving,Surfer1@bmm,4839,324,6172,6172,649,NULL,1011468,1011468,1011468,NULL,LIMIT,BUY,1,93,2018-08-14T04:55:20.053,2018-08-14T04:55:20.055
choice-moving,Surfer18@bmm,4856,324,6172,6172,647,NULL,1011469,1011368,1011368,1011368,CANCEL,BUY,1,25,2018-08-14T04:55:20.172,2018-08-14T04:55:20.176
choice-moving,Surfer18@bmm,4856,324,6172,6172,647,NULL,1011470,1011366,1011366,1011366,CANCEL,BUY,1,42,2018-08-14T04:55:21.097,2018-08-14T04:55:21.101
choice-moving,Surfer14@bmm,4852,324,6172,6172,647,NULL,1011471,1011471,1011471,1011478,LIMIT,SELL,1,100,2018-08-14T04:55:21.804,2018-08-14T04:55:32.353
choice-moving,Surfer11@bmm,4849,324,6172,6172,649,NULL,1011472,1011472,1011472,1011513,LIMIT,BUY,1,100,2018-08-14T04:55:22.264,2018-08-14T04:56:09.819
choice-moving,Surfer16@bmm,4854,324,6172,6172,646,NULL,1011473,1011473,1011473,1011621,LIMIT,BUY,1,1,2018-08-14T04:55:23.355,2018-08-14T04:58:40.914
choice-moving,Surfer7@bmm,4845,324,6172,6172,649,NULL,1011474,1011440,1011440,1011440,CANCEL,BUY,1,80,2018-08-14T04:55:26.289,2018-08-14T04:55:26.293
choice-moving,Surfer4@bmm,4842,324,6172,6172,647,NULL,1011475,1011475,1011475,1011480,LIMIT,BUY,1,0,2018-08-14T04:55:27.565,2018-08-14T04:55:35.001
choice-moving,Surfer14@bmm,4852,324,6172,6172,647,NULL,1011476,1011476,1011476,1011477,LIMIT,SELL,1,89,2018-08-14T04:55:27.579,2018-08-14T04:55:30.048
choice-moving,Surfer4@bmm,4842,324,6172,6172,647,NULL,1011477,1011477,1011477,1011476,LIMIT,BUY,1,89,2018-08-14T04:55:30.043,2018-08-14T04:55:30.047
choice-moving,Surfer4@bmm,4842,324,6172,6172,647,NULL,1011478,1011478,1011478,1011471,LIMIT,BUY,1,100,2018-08-14T04:55:32.349,2018-08-14T04:55:32.353
choice-moving,Surfer5@bmm,4843,324,6172,6172,649,NULL,1011479,1011479,1011479,NULL,LIMIT,BUY,1,91,2018-08-14T04:55:33.350,2018-08-14T04:55:33.351
choice-moving,Surfer4@bmm,4842,324,6172,6172,647,NULL,1011480,1011475,1011475,1011475,CANCEL,BUY,1,0,2018-08-14T04:55:34.997,2018-08-14T04:55:35.001
choice-moving,Surfer10@bmm,4848,324,6172,6172,649,NULL,1011481,1011481,1011481,1011632,LIMIT,BUY,1,70,2018-08-14T04:55:35.595,2018-08-14T04:58:45.954
choice-moving,Surfer4@bmm,4842,324,6172,6172,646,NULL,1011482,1011449,1011449,1011449,CANCEL,BUY,1,0,2018-08-14T04:55:36.058,2018-08-14T04:55:36.061
choice-moving,Surfer4@bmm,4842,324,6172,6172,646,NULL,1011483,1011446,1011446,1011446,CANCEL,BUY,2,0,2018-08-14T04:55:36.769,2018-08-14T04:55:36.773
choice-moving,Surfer4@bmm,4842,324,6172,6172,646,NULL,1011484,1011439,1011439,1011439,CANCEL,BUY,2,0,2018-08-14T04:55:37.220,2018-08-14T04:55:37.224
choice-moving,Surfer4@bmm,4842,324,6172,6172,646,NULL,1011485,1011439,1011439,1011485,CANCEL,BUY,2,0,2018-08-14T04:55:37.476,2018-08-14T04:55:37.480
choice-moving,Surfer4@bmm,4842,324,6172,6172,646,NULL,1011486,1011434,1011434,1011434,CANCEL,BUY,4,0,2018-08-14T04:55:37.727,2018-08-14T04:55:37.732
choice-moving,Surfer7@bmm,4845,324,6172,6172,647,NULL,1011487,1011487,1011487,1011512,LIMIT,BUY,1,90,2018-08-14T04:55:37.831,2018-08-14T04:56:08.998
choice-moving,Surfer4@bmm,4842,324,6172,6172,646,NULL,1011488,1011434,1011434,1011488,CANCEL,BUY,4,0,2018-08-14T04:55:37.986,2018-08-14T04:55:37.989
choice-moving,Surfer1@bmm,4839,324,6172,6172,647,NULL,1011489,1011489,1011489,1011638,LIMIT,BUY,1,86,2018-08-14T04:55:38.274,2018-08-14T04:58:54.889
choice-moving,Surfer4@bmm,4842,324,6172,6172,646,NULL,1011490,1011387,1011387,1011387,CANCEL,BUY,2,0,2018-08-14T04:55:38.401,2018-08-14T04:55:38.405
choice-moving,Surfer16@bmm,4854,324,6172,6172,649,NULL,1011491,1011491,1011491,1011493,LIMIT,BUY,1,1,2018-08-14T04:55:38.877,2018-08-14T04:55:42.836
choice-moving,Surfer7@bmm,4845,324,6172,6172,647,NULL,1011492,1011492,1011492,1011511,LIMIT,BUY,1,90,2018-08-14T04:55:40.096,2018-08-14T04:56:08.235
choice-moving,Surfer16@bmm,4854,324,6172,6172,649,NULL,1011493,1011491,1011491,1011491,CANCEL,BUY,1,1,2018-08-14T04:55:42.832,2018-08-14T04:55:42.836
choice-moving,Surfer17@bmm,4855,324,6172,6172,646,NULL,1011494,1011494,1011494,1011497,LIMIT,SELL,1,100,2018-08-14T04:55:45.273,2018-08-14T04:55:47.965
choice-moving,Surfer18@bmm,4856,324,6172,6172,649,NULL,1011495,1011495,1011495,1011610,LIMIT,BUY,1,93,2018-08-14T04:55:45.972,2018-08-14T04:58:24.705
choice-moving,Surfer11@bmm,4849,324,6172,6172,647,NULL,1011496,1011496,1011496,1011560,LIMIT,BUY,1,97,2018-08-14T04:55:46.624,2018-08-14T04:57:02.728
choice-moving,Surfer4@bmm,4842,324,6172,6172,646,NULL,1011497,1011497,1011497,1011494,LIMIT,BUY,1,100,2018-08-14T04:55:47.961,2018-08-14T04:55:47.965
choice-moving,Surfer19@bmm,4857,324,6172,6172,648,NULL,1011498,1011498,1011498,0,LIMIT,SELL,11,100,2018-08-14T04:55:49.765,2018-08-14T04:55:57.288
choice-moving,Surfer16@bmm,4854,324,6172,6172,647,NULL,1011499,1011499,1011499,1011633,LIMIT,BUY,1,92,2018-08-14T04:55:51.819,2018-08-14T04:58:46.809
choice-moving,Surfer8@bmm,4846,324,6172,6172,647,NULL,1011500,1011500,1011500,NULL,LIMIT,BUY,1,98,2018-08-14T04:55:54.063,2018-08-14T04:55:54.064
choice-moving,Surfer3@bmm,4841,324,6172,6172,647,NULL,1011501,1011501,1011501,NULL,LIMIT,BUY,1,98,2018-08-14T04:55:55.403,2018-08-14T04:55:55.405
choice-moving,Surfer18@bmm,4856,324,6172,6172,648,NULL,1011502,1011502,1011502,1011503,LIMIT,BUY,1,100,2018-08-14T04:55:57.280,2018-08-14T04:55:57.288
choice-moving,Surfer19@bmm,4857,324,6172,6172,648,NULL,1011503,1011498,1011498,1011502,LIMIT,SELL,1,100,2018-08-14T04:55:57.285,2018-08-14T04:55:57.288
choice-moving,Surfer19@bmm,4857,324,6172,6172,648,NULL,1011504,1011498,1011498,0,LIMIT,SELL,10,100,2018-08-14T04:55:49.765,2018-08-14T04:56:27.486
choice-moving,Surfer14@bmm,4852,324,6172,6172,646,NULL,1011505,1011505,1011505,1011509,LIMIT,SELL,1,100,2018-08-14T04:55:58.379,2018-08-14T04:56:05.279
choice-moving,Surfer4@bmm,4842,324,6172,6172,648,NULL,1011506,1011506,1011506,1011519,LIMIT,BUY,3,0,2018-08-14T04:56:00.340,2018-08-14T04:56:12.850
choice-moving,Surfer5@bmm,4843,324,6172,6172,646,NULL,1011507,1011507,1011507,NULL,LIMIT,BUY,1,99,2018-08-14T04:56:04.597,2018-08-14T04:56:04.598
choice-moving,Surfer16@bmm,4854,324,6172,6172,648,NULL,1011508,1011508,1011508,1011515,LIMIT,BUY,1,1,2018-08-14T04:56:04.756,2018-08-14T04:56:10.542
choice-moving,Surfer14@bmm,4852,324,6172,6172,646,NULL,1011509,1011505,1011505,1011505,CANCEL,SELL,1,100,2018-08-14T04:56:05.274,2018-08-14T04:56:05.279
choice-moving,Surfer1@bmm,4839,324,6172,6172,647,NULL,1011510,1011510,1011510,NULL,LIMIT,BUY,1,99,2018-08-14T04:56:06.966,2018-08-14T04:56:06.968
choice-moving,Surfer7@bmm,4845,324,6172,6172,647,NULL,1011511,1011492,1011492,1011492,CANCEL,BUY,1,90,2018-08-14T04:56:08.231,2018-08-14T04:56:08.235
choice-moving,Surfer7@bmm,4845,324,6172,6172,647,NULL,1011512,1011487,1011487,1011487,CANCEL,BUY,1,90,2018-08-14T04:56:08.994,2018-08-14T04:56:08.998
choice-moving,Surfer14@bmm,4852,324,6172,6172,649,NULL,1011513,1011513,1011513,1011472,LIMIT,SELL,1,100,2018-08-14T04:56:09.813,2018-08-14T04:56:09.819
choice-moving,Surfer9@bmm,4847,324,6172,6172,648,NULL,1011514,1011514,1011514,1011525,LIMIT,SELL,1,99,2018-08-14T04:56:10.301,2018-08-14T04:56:20.747
choice-moving,Surfer16@bmm,4854,324,6172,6172,648,NULL,1011515,1011508,1011508,1011508,CANCEL,BUY,1,1,2018-08-14T04:56:10.537,2018-08-14T04:56:10.541
choice-moving,Surfer9@bmm,4847,324,6172,6172,648,NULL,1011516,1011516,1011516,1011526,LIMIT,SELL,1,99,2018-08-14T04:56:11.323,2018-08-14T04:56:20.747
choice-moving,Surfer9@bmm,4847,324,6172,6172,648,NULL,1011517,1011517,1011517,1011527,LIMIT,SELL,1,99,2018-08-14T04:56:12.069,2018-08-14T04:56:20.747
choice-moving,Surfer9@bmm,4847,324,6172,6172,648,NULL,1011518,1011518,1011518,1011528,LIMIT,SELL,1,99,2018-08-14T04:56:12.517,2018-08-14T04:56:20.747
choice-moving,Surfer4@bmm,4842,324,6172,6172,648,NULL,1011519,1011506,1011506,1011506,CANCEL,BUY,3,0,2018-08-14T04:56:12.846,2018-08-14T04:56:12.849
choice-moving,Surfer18@bmm,4856,324,6172,6172,648,NULL,1011520,1011407,1011407,1011407,CANCEL,BUY,1,60,2018-08-14T04:56:13.180,2018-08-14T04:56:13.183
choice-moving,Surfer15@bmm,4853,324,6172,6172,649,NULL,1011521,1011521,1011521,1011544,LIMIT,BUY,8,95,2018-08-14T04:56:17.283,2018-08-14T04:56:40.615
choice-moving,Surfer18@bmm,4856,324,6172,6172,648,NULL,1011522,1011450,1011450,1011450,CANCEL,BUY,1,26,2018-08-14T04:56:17.860,2018-08-14T04:56:17.863
choice-moving,Surfer11@bmm,4849,324,6172,6172,647,NULL,1011523,1011523,1011523,1011640,LIMIT,BUY,1,99,2018-08-14T04:56:20.411,2018-08-14T04:59:02.471
choice-moving,Surfer15@bmm,4853,324,6172,6172,648,NULL,1011524,1011524,1011524,0,LIMIT,BUY,4,99,2018-08-14T04:56:20.735,2018-08-14T04:56:20.746
choice-moving,Surfer15@bmm,4853,324,6172,6172,648,NULL,1011525,1011524,1011524,1011514,LIMIT,BUY,1,99,2018-08-14T04:56:20.739,2018-08-14T04:56:20.747
choice-moving,Surfer15@bmm,4853,324,6172,6172,648,NULL,1011526,1011524,1011524,1011516,LIMIT,BUY,1,99,2018-08-14T04:56:20.741,2018-08-14T04:56:20.747
choice-moving,Surfer15@bmm,4853,324,6172,6172,648,NULL,1011527,1011524,1011524,1011517,LIMIT,BUY,1,99,2018-08-14T04:56:20.742,2018-08-14T04:56:20.747
choice-moving,Surfer15@bmm,4853,324,6172,6172,648,NULL,1011528,1011524,1011524,1011518,LIMIT,BUY,1,99,2018-08-14T04:56:20.744,2018-08-14T04:56:20.747
choice-moving,Surfer1@bmm,4839,324,6172,6172,649,NULL,1011529,1011529,1011529,NULL,LIMIT,BUY,1,97,2018-08-14T04:56:22.402,2018-08-14T04:56:22.404
choice-moving,Surfer16@bmm,4854,324,6172,6172,648,NULL,1011530,1011530,1011530,1011532,LIMIT,BUY,1,99,2018-08-14T04:56:22.853,2018-08-14T04:56:25.780
choice-moving,Surfer14@bmm,4852,324,6172,6172,648,NULL,1011531,1011531,1011531,0,LIMIT,SELL,1,96,2018-08-14T04:56:25.773,2018-08-14T04:56:25.779
choice-moving,Surfer14@bmm,4852,324,6172,6172,648,NULL,1011532,1011531,1011531,1011530,LIMIT,SELL,1,99,2018-08-14T04:56:25.777,2018-08-14T04:56:25.780
choice-moving,Surfer4@bmm,4842,324,6172,6172,649,NULL,1011533,1011399,1011399,1011401,CANCEL,BUY,1,7,2018-08-14T04:56:26.710,2018-08-14T04:56:26.714
choice-moving,Surfer18@bmm,4856,324,6172,6172,648,NULL,1011534,1011534,1011534,1011535,LIMIT,BUY,1,100,2018-08-14T04:56:27.479,2018-08-14T04:56:27.486
choice-moving,Surfer19@bmm,4857,324,6172,6172,648,NULL,1011535,1011498,1011504,1011534,LIMIT,SELL,1,100,2018-08-14T04:56:27.483,2018-08-14T04:56:27.487
choice-moving,Surfer19@bmm,4857,324,6172,6172,648,NULL,1011536,1011498,1011504,1011547,LIMIT,SELL,9,100,2018-08-14T04:55:49.765,2018-08-14T04:56:45.208
choice-moving,Surfer16@bmm,4854,324,6172,6172,648,NULL,1011537,1011537,1011537,1011578,LIMIT,BUY,1,99,2018-08-14T04:56:32.027,2018-08-14T04:57:21.987
choice-moving,Surfer3@bmm,4841,324,6172,6172,648,NULL,1011538,1011538,1011538,1011581,LIMIT,BUY,1,99,2018-08-14T04:56:32.622,2018-08-14T04:57:28.386
choice-moving,Surfer18@bmm,4856,324,6172,6172,646,NULL,1011539,1011379,1011379,1011379,CANCEL,BUY,1,91,2018-08-14T04:56:35.565,2018-08-14T04:56:35.569
choice-moving,Surfer18@bmm,4856,324,6172,6172,647,NULL,1011540,1011373,1011373,1011373,CANCEL,BUY,1,69,2018-08-14T04:56:36.701,2018-08-14T04:56:36.705
choice-moving,Surfer13@bmm,4851,324,6172,6172,649,NULL,1011541,1011541,1011541,1011589,LIMIT,BUY,1,98,2018-08-14T04:56:37.122,2018-08-14T04:57:44.736
choice-moving,Surfer18@bmm,4856,324,6172,6172,647,NULL,1011542,1011367,1011367,1011367,CANCEL,BUY,1,66,2018-08-14T04:56:37.571,2018-08-14T04:56:37.575
choice-moving,Surfer1@bmm,4839,324,6172,6172,648,NULL,1011543,1011359,1011359,1011359,CANCEL,BUY,1,50,2018-08-14T04:56:39.056,2018-08-14T04:56:39.060
choice-moving,Surfer15@bmm,4853,324,6172,6172,649,NULL,1011544,1011521,1011521,1011521,CANCEL,BUY,8,95,2018-08-14T04:56:40.611,2018-08-14T04:56:40.614
choice-moving,Surfer7@bmm,4845,324,6172,6172,649,NULL,1011545,1011545,1011545,1011569,LIMIT,BUY,1,99,2018-08-14T04:56:40.687,2018-08-14T04:57:12.742
choice-moving,Surfer5@bmm,4843,324,6172,6172,647,NULL,1011546,1011546,1011546,NULL,LIMIT,BUY,1,62,2018-08-14T04:56:41.894,2018-08-14T04:56:41.895
choice-moving,Surfer19@bmm,4857,324,6172,6172,648,NULL,1011547,1011498,1011504,1011536,CANCEL,SELL,9,100,2018-08-14T04:56:45.204,2018-08-14T04:56:45.208
choice-moving,Surfer18@bmm,4856,324,6172,6172,648,NULL,1011548,1011548,1011548,1011609,LIMIT,BUY,1,98,2018-08-14T04:56:45.662,2018-08-14T04:58:23.885
choice-moving,Surfer14@bmm,4852,324,6172,6172,647,NULL,1011549,1011549,1011549,1011555,LIMIT,SELL,1,100,2018-08-14T04:56:48.422,2018-08-14T04:56:55.360
choice-moving,Surfer17@bmm,4855,324,6172,6172,648,NULL,1011550,1011550,1011550,NULL,LIMIT,BUY,5,99,2018-08-14T04:56:48.956,2018-08-14T04:56:48.958
choice-moving,Surfer1@bmm,4839,324,6172,6172,648,NULL,1011551,1011551,1011551,NULL,LIMIT,BUY,1,98,2018-08-14T04:56:49.866,2018-08-14T04:56:49.868
choice-moving,Surfer15@bmm,4853,324,6172,6172,648,NULL,1011552,1011552,1011552,1011665,LIMIT,BUY,4,99,2018-08-14T04:56:49.876,2018-08-14T04:59:39.164
choice-moving,Surfer3@bmm,4841,324,6172,6172,649,NULL,1011553,1011553,1011553,NULL,LIMIT,BUY,1,99,2018-08-14T04:56:50.332,2018-08-14T04:56:50.334
choice-moving,Surfer4@bmm,4842,324,6172,6172,647,NULL,1011554,1011554,1011554,1011556,LIMIT,BUY,1,0,2018-08-14T04:56:52.043,2018-08-14T04:56:56.831
choice-moving,Surfer4@bmm,4842,324,6172,6172,647,NULL,1011555,1011555,1011555,1011549,LIMIT,BUY,1,100,2018-08-14T04:56:55.355,2018-08-14T04:56:55.360
choice-moving,Surfer4@bmm,4842,324,6172,6172,647,NULL,1011556,1011554,1011554,1011554,CANCEL,BUY,1,0,2018-08-14T04:56:56.827,2018-08-14T04:56:56.831
choice-moving,Surfer5@bmm,4843,324,6172,6172,648,NULL,1011557,1011557,1011557,NULL,LIMIT,BUY,1,99,2018-08-14T04:56:57.349,2018-08-14T04:56:57.351
choice-moving,Surfer16@bmm,4854,324,6172,6172,646,NULL,1011558,1011403,1011403,1011403,CANCEL,BUY,1,98,2018-08-14T04:56:59.163,2018-08-14T04:56:59.167
choice-moving,Surfer15@bmm,4853,324,6172,6172,648,NULL,1011559,1011559,1011559,0,LIMIT,SELL,4,100,2018-08-14T04:56:59.827,2018-08-14T04:57:08.047
choice-moving,Surfer11@bmm,4849,324,6172,6172,647,NULL,1011560,1011496,1011496,1011496,CANCEL,BUY,1,97,2018-08-14T04:57:02.724,2018-08-14T04:57:02.728
choice-moving,Surfer11@bmm,4849,324,6172,6172,647,NULL,1011561,1011353,1011353,1011353,CANCEL,BUY,1,80,2018-08-14T04:57:04.027,2018-08-14T04:57:04.031
choice-moving,Surfer3@bmm,4841,324,6172,6172,647,NULL,1011562,1011562,1011562,NULL,LIMIT,BUY,1,99,2018-08-14T04:57:07.731,2018-08-14T04:57:07.733
choice-moving,Surfer4@bmm,4842,324,6172,6172,648,NULL,1011563,1011563,1011563,1011564,LIMIT,BUY,2,100,2018-08-14T04:57:08.039,2018-08-14T04:57:08.046
choice-moving,Surfer15@bmm,4853,324,6172,6172,648,NULL,1011564,1011559,1011559,1011563,LIMIT,SELL,2,100,2018-08-14T04:57:08.043,2018-08-14T04:57:08.047
choice-moving,Surfer15@bmm,4853,324,6172,6172,648,NULL,1011565,1011559,1011559,0,LIMIT,SELL,2,100,2018-08-14T04:56:59.827,2018-08-14T04:57:11.594
choice-moving,Surfer14@bmm,4852,324,6172,6172,648,NULL,1011566,1011566,1011566,1011567,LIMIT,BUY,1,100,2018-08-14T04:57:11.587,2018-08-14T04:57:11.593
choice-moving,Surfer15@bmm,4853,324,6172,6172,648,NULL,1011567,1011559,1011565,1011566,LIMIT,SELL,1,100,2018-08-14T04:57:11.590,2018-08-14T04:57:11.594
choice-moving,Surfer15@bmm,4853,324,6172,6172,648,NULL,1011568,1011559,1011565,1011572,LIMIT,SELL,1,100,2018-08-14T04:56:59.827,2018-08-14T04:57:17.586
choice-moving,Surfer10@bmm,4848,324,6172,6172,649,NULL,1011569,1011569,1011569,1011545,LIMIT,SELL,1,99,2018-08-14T04:57:12.737,2018-08-14T04:57:12.741
choice-moving,Surfer11@bmm,4849,324,6172,6172,646,NULL,1011570,1011342,1011342,1011342,CANCEL,BUY,4,38,2018-08-14T04:57:12.796,2018-08-14T04:57:12.800
choice-moving,Surfer11@bmm,4849,324,6172,6172,646,NULL,1011571,1011341,1011341,1011341,CANCEL,BUY,4,11,2018-08-14T04:57:13.818,2018-08-14T04:57:13.822
choice-moving,Surfer19@bmm,4857,324,6172,6172,648,NULL,1011572,1011572,1011572,1011568,LIMIT,BUY,1,100,2018-08-14T04:57:17.579,2018-08-14T04:57:17.586
choice-moving,Surfer17@bmm,4855,324,6172,6172,649,NULL,1011573,1011417,1011417,1011417,CANCEL,BUY,1,64,2018-08-14T04:57:19.199,2018-08-14T04:57:19.202
choice-moving,Surfer8@bmm,4846,324,6172,6172,649,NULL,1011574,1011574,1011574,NULL,LIMIT,BUY,1,98,2018-08-14T04:57:19.506,2018-08-14T04:57:19.508
choice-moving,Surfer17@bmm,4855,324,6172,6172,649,NULL,1011575,1011447,1011447,1011447,CANCEL,BUY,5,90,2018-08-14T04:57:21.302,2018-08-14T04:57:21.307
choice-moving,Surfer14@bmm,4852,324,6172,6172,649,NULL,1011576,1011576,1011576,1011584,LIMIT,BUY,1,100,2018-08-14T04:57:21.908,2018-08-14T04:57:31.845
choice-moving,Surfer16@bmm,4854,324,6172,6172,648,NULL,1011577,1011577,1011577,0,LIMIT,SELL,1,1,2018-08-14T04:57:21.979,2018-08-14T04:57:21.984
choice-moving,Surfer16@bmm,4854,324,6172,6172,648,NULL,1011578,1011577,1011577,1011537,LIMIT,SELL,1,99,2018-08-14T04:57:21.982,2018-08-14T04:57:21.984
choice-moving,Surfer8@bmm,4846,324,6172,6172,649,NULL,1011579,1011579,1011579,NULL,LIMIT,BUY,1,98,2018-08-14T04:57:22.938,2018-08-14T04:57:22.940
choice-moving,Surfer16@bmm,4854,324,6172,6172,648,NULL,1011580,1011580,1011580,0,LIMIT,SELL,1,1,2018-08-14T04:57:28.379,2018-08-14T04:57:28.385
choice-moving,Surfer16@bmm,4854,324,6172,6172,648,NULL,1011581,1011580,1011580,1011538,LIMIT,SELL,1,99,2018-08-14T04:57:28.384,2018-08-14T04:57:28.386
choice-moving,Surfer8@bmm,4846,324,6172,6172,646,NULL,1011582,1011408,1011408,1011408,CANCEL,BUY,1,99,2018-08-14T04:57:29.272,2018-08-14T04:57:29.277
choice-moving,Surfer15@bmm,4853,324,6172,6172,649,NULL,1011583,1011583,1011583,1011594,LIMIT,BUY,10,99,2018-08-14T04:57:29.870,2018-08-14T04:57:59.785
choice-moving,Surfer14@bmm,4852,324,6172,6172,649,NULL,1011584,1011576,1011576,1011576,CANCEL,BUY,1,100,2018-08-14T04:57:31.841,2018-08-14T04:57:31.845
choice-moving,Surfer1@bmm,4839,324,6172,6172,647,NULL,1011585,1011347,1011347,1011347,CANCEL,BUY,1,51,2018-08-14T04:57:33.365,2018-08-14T04:57:33.369
choice-moving,Surfer8@bmm,4846,324,6172,6172,646,NULL,1011586,1011586,1011586,NULL,LIMIT,BUY,1,98,2018-08-14T04:57:34.145,2018-08-14T04:57:34.146
choice-moving,Surfer5@bmm,4843,324,6172,6172,648,NULL,1011587,1011587,1011587,NULL,LIMIT,BUY,1,99,2018-08-14T04:57:36.501,2018-08-14T04:57:36.503
choice-moving,Surfer17@bmm,4855,324,6172,6172,646,NULL,1011588,1011588,1011588,NULL,LIMIT,BUY,5,99,2018-08-14T04:57:41.746,2018-08-14T04:57:41.748
choice-moving,Surfer13@bmm,4851,324,6172,6172,649,NULL,1011589,1011541,1011541,1011541,CANCEL,BUY,1,98,2018-08-14T04:57:44.732,2018-08-14T04:57:44.736
choice-moving,Surfer17@bmm,4855,324,6172,6172,647,NULL,1011590,1011590,1011590,NULL,LIMIT,BUY,1,99,2018-08-14T04:57:50.109,2018-08-14T04:57:50.111
choice-moving,Surfer14@bmm,4852,324,6172,6172,646,NULL,1011591,1011591,1011591,1011593,LIMIT,SELL,1,100,2018-08-14T04:57:53.311,2018-08-14T04:57:58.540
choice-moving,Surfer13@bmm,4851,324,6172,6172,648,NULL,1011592,1011445,1011445,1011445,CANCEL,BUY,1,98,2018-08-14T04:57:57.251,2018-08-14T04:57:57.254
choice-moving,Surfer19@bmm,4857,324,6172,6172,646,NULL,1011593,1011593,1011593,1011591,LIMIT,BUY,1,100,2018-08-14T04:57:58.536,2018-08-14T04:57:58.540
choice-moving,Surfer15@bmm,4853,324,6172,6172,649,NULL,1011594,1011583,1011583,1011583,CANCEL,BUY,10,99,2018-08-14T04:57:59.780,2018-08-14T04:57:59.784
choice-moving,Surfer1@bmm,4839,324,6172,6172,649,NULL,1011595,1011595,1011595,NULL,LIMIT,BUY,1,94,2018-08-14T04:58:03.501,2018-08-14T04:58:03.503
choice-moving,Surfer10@bmm,4848,324,6172,6172,649,NULL,1011596,1011596,1011596,1011605,LIMIT,SELL,1,100,2018-08-14T04:58:05.648,2018-08-14T04:58:13.540
choice-moving,Surfer17@bmm,4855,324,6172,6172,649,NULL,1011597,1011597,1011597,NULL,LIMIT,BUY,1,99,2018-08-14T04:58:10.010,2018-08-14T04:58:10.012
choice-moving,Surfer9@bmm,4847,324,6172,6172,646,NULL,1011598,1011598,1011598,1011618,LIMIT,BUY,1,100,2018-08-14T04:58:10.413,2018-08-14T04:58:36.595
choice-moving,Surfer15@bmm,4853,324,6172,6172,649,NULL,1011599,1011599,1011599,1011664,LIMIT,BUY,5,99,2018-08-14T04:58:10.454,2018-08-14T04:59:38.287
choice-moving,Surfer9@bmm,4847,324,6172,6172,646,NULL,1011600,1011600,1011600,1011651,LIMIT,BUY,1,100,2018-08-14T04:58:10.644,2018-08-14T04:59:20.909
choice-moving,Surfer9@bmm,4847,324,6172,6172,646,NULL,1011601,1011601,1011601,1011657,LIMIT,BUY,1,100,2018-08-14T04:58:10.672,2018-08-14T04:59:27.941
choice-moving,Surfer9@bmm,4847,324,6172,6172,646,NULL,1011602,1011602,1011602,1011659,LIMIT,BUY,1,100,2018-08-14T04:58:10.854,2018-08-14T04:59:33.060
choice-moving,Surfer9@bmm,4847,324,6172,6172,646,NULL,1011603,1011603,1011603,1011660,LIMIT,BUY,1,100,2018-08-14T04:58:10.920,2018-08-14T04:59:34.458
choice-moving,Surfer9@bmm,4847,324,6172,6172,646,NULL,1011604,1011604,1011604,1011661,LIMIT,BUY,1,100,2018-08-14T04:58:11.561,2018-08-14T04:59:35.924
choice-moving,Surfer18@bmm,4856,324,6172,6172,649,NULL,1011605,1011605,1011605,1011596,LIMIT,BUY,1,100,2018-08-14T04:58:13.535,2018-08-14T04:58:13.540
choice-moving,Surfer8@bmm,4846,324,6172,6172,648,NULL,1011606,1011606,1011606,1011613,LIMIT,SELL,1,100,2018-08-14T04:58:16.691,2018-08-14T04:58:27.901
choice-moving,Surfer10@bmm,4848,324,6172,6172,649,NULL,1011607,1011607,1011607,1011611,LIMIT,SELL,1,100,2018-08-14T04:58:17.724,2018-08-14T04:58:25.506
choice-moving,Surfer14@bmm,4852,324,6172,6172,647,NULL,1011608,1011608,1011608,1011614,LIMIT,BUY,1,95,2018-08-14T04:58:19.087,2018-08-14T04:58:27.938
choice-moving,Surfer18@bmm,4856,324,6172,6172,648,NULL,1011609,1011548,1011548,1011548,CANCEL,BUY,1,98,2018-08-14T04:58:23.881,2018-08-14T04:58:23.885
choice-moving,Surfer18@bmm,4856,324,6172,6172,649,NULL,1011610,1011495,1011495,1011495,CANCEL,BUY,1,93,2018-08-14T04:58:24.701,2018-08-14T04:58:24.705
choice-moving,Surfer8@bmm,4846,324,6172,6172,649,NULL,1011611,1011611,1011611,1011607,LIMIT,BUY,1,100,2018-08-14T04:58:25.501,2018-08-14T04:58:25.506
choice-moving,Surfer9@bmm,4847,324,6172,6172,649,NULL,1011612,1011612,1011612,NULL,LIMIT,BUY,1,90,2018-08-14T04:58:25.928,2018-08-14T04:58:25.930
choice-moving,Surfer18@bmm,4856,324,6172,6172,648,NULL,1011613,1011613,1011613,1011606,LIMIT,BUY,1,100,2018-08-14T04:58:27.897,2018-08-14T04:58:27.901
choice-moving,Surfer14@bmm,4852,324,6172,6172,647,NULL,1011614,1011608,1011608,1011608,CANCEL,BUY,1,95,2018-08-14T04:58:27.935,2018-08-14T04:58:27.938
choice-moving,Surfer13@bmm,4851,324,6172,6172,649,NULL,1011615,1011615,1011615,1011666,LIMIT,BUY,1,99,2018-08-14T04:58:28.507,2018-08-14T04:59:40.091
choice-moving,Surfer9@bmm,4847,324,6172,6172,649,NULL,1011616,1011616,1011616,1011620,LIMIT,BUY,1,100,2018-08-14T04:58:35.782,2018-08-14T04:58:39.388
choice-moving,Surfer14@bmm,4852,324,6172,6172,646,NULL,1011617,1011617,1011617,0,LIMIT,SELL,1,27,2018-08-14T04:58:36.588,2018-08-14T04:58:36.595
choice-moving,Surfer14@bmm,4852,324,6172,6172,646,NULL,1011618,1011617,1011617,1011598,LIMIT,SELL,1,100,2018-08-14T04:58:36.593,2018-08-14T04:58:36.596
choice-moving,Surfer16@bmm,4854,324,6172,6172,646,NULL,1011619,1011402,1011402,1011402,CANCEL,BUY,1,98,2018-08-14T04:58:37.975,2018-08-14T04:58:37.978
choice-moving,Surfer8@bmm,4846,324,6172,6172,649,NULL,1011620,1011620,1011620,1011616,LIMIT,SELL,1,100,2018-08-14T04:58:39.384,2018-08-14T04:58:39.388
choice-moving,Surfer16@bmm,4854,324,6172,6172,646,NULL,1011621,1011473,1011473,1011473,CANCEL,BUY,1,1,2018-08-14T04:58:40.910,2018-08-14T04:58:40.914
choice-moving,Surfer16@bmm,4854,324,6172,6172,646,NULL,1011622,1011380,1011380,1011380,CANCEL,BUY,1,1,2018-08-14T04:58:41.353,2018-08-14T04:58:41.357
choice-moving,Surfer16@bmm,4854,324,6172,6172,646,NULL,1011623,1011396,1011396,1011396,CANCEL,BUY,1,98,2018-08-14T04:58:42.788,2018-08-14T04:58:42.792
choice-moving,Surfer16@bmm,4854,324,6172,6172,646,NULL,1011624,1011392,1011392,1011392,CANCEL,BUY,1,98,2018-08-14T04:58:43.429,2018-08-14T04:58:43.432
choice-moving,Surfer16@bmm,4854,324,6172,6172,646,NULL,1011625,1011392,1011392,1011625,CANCEL,BUY,1,98,2018-08-14T04:58:43.669,2018-08-14T04:58:43.673
choice-moving,Surfer16@bmm,4854,324,6172,6172,646,NULL,1011626,1011390,1011390,1011390,CANCEL,BUY,1,98,2018-08-14T04:58:43.910,2018-08-14T04:58:43.914
choice-moving,Surfer16@bmm,4854,324,6172,6172,646,NULL,1011627,1011390,1011390,1011627,CANCEL,BUY,1,98,2018-08-14T04:58:44.074,2018-08-14T04:58:44.077
choice-moving,Surfer16@bmm,4854,324,6172,6172,646,NULL,1011628,1011389,1011389,1011389,CANCEL,BUY,1,98,2018-08-14T04:58:44.282,2018-08-14T04:58:44.285
choice-moving,Surfer16@bmm,4854,324,6172,6172,646,NULL,1011629,1011388,1011388,1011388,CANCEL,BUY,1,98,2018-08-14T04:58:44.703,2018-08-14T04:58:44.707
choice-moving,Surfer16@bmm,4854,324,6172,6172,646,NULL,1011630,1011386,1011386,1011386,CANCEL,BUY,1,98,2018-08-14T04:58:45.079,2018-08-14T04:58:45.084
choice-moving,Surfer13@bmm,4851,324,6172,6172,647,NULL,1011631,1011631,1011631,1011663,LIMIT,BUY,1,99,2018-08-14T04:58:45.826,2018-08-14T04:59:37.540
choice-moving,Surfer10@bmm,4848,324,6172,6172,649,NULL,1011632,1011481,1011481,1011481,CANCEL,BUY,1,70,2018-08-14T04:58:45.950,2018-08-14T04:58:45.954
choice-moving,Surfer16@bmm,4854,324,6172,6172,647,NULL,1011633,1011499,1011499,1011499,CANCEL,BUY,1,92,2018-08-14T04:58:46.805,2018-08-14T04:58:46.809
choice-moving,Surfer9@bmm,4847,324,6172,6172,649,NULL,1011634,1011634,1011634,1011636,LIMIT,BUY,1,100,2018-08-14T04:58:47.962,2018-08-14T04:58:52.571
choice-moving,Surfer10@bmm,4848,324,6172,6172,648,NULL,1011635,1011375,1011375,1011375,CANCEL,BUY,1,50,2018-08-14T04:58:49.032,2018-08-14T04:58:49.036
choice-moving,Surfer14@bmm,4852,324,6172,6172,649,NULL,1011636,1011636,1011636,1011634,LIMIT,SELL,1,100,2018-08-14T04:58:52.567,2018-08-14T04:58:52.571
choice-moving,Surfer9@bmm,4847,324,6172,6172,649,NULL,1011637,1011637,1011637,1011648,LIMIT,SELL,1,100,2018-08-14T04:58:54.841,2018-08-14T04:59:19.920
choice-moving,Surfer1@bmm,4839,324,6172,6172,647,NULL,1011638,1011489,1011489,1011489,CANCEL,BUY,1,86,2018-08-14T04:58:54.884,2018-08-14T04:58:54.888
choice-moving,Surfer9@bmm,4847,324,6172,6172,649,NULL,1011639,1011639,1011639,1011649,LIMIT,SELL,1,100,2018-08-14T04:58:56.480,2018-08-14T04:59:19.920
choice-moving,Surfer11@bmm,4849,324,6172,6172,647,NULL,1011640,1011523,1011523,1011523,CANCEL,BUY,1,99,2018-08-14T04:59:02.466,2018-08-14T04:59:02.471
choice-moving,Surfer14@bmm,4852,324,6172,6172,647,NULL,1011641,1011641,1011641,1011656,LIMIT,BUY,1,100,2018-08-14T04:59:06.436,2018-08-14T04:59:26.017
choice-moving,Surfer10@bmm,4848,324,6172,6172,648,NULL,1011642,1011376,1011376,1011376,CANCEL,BUY,1,97,2018-08-14T04:59:10.730,2018-08-14T04:59:10.734
choice-moving,Surfer11@bmm,4849,324,6172,6172,649,NULL,1011643,1011441,1011441,1011441,CANCEL,BUY,1,90,2018-08-14T04:59:11.103,2018-08-14T04:59:11.106
choice-moving,Surfer16@bmm,4854,324,6172,6172,646,NULL,1011644,1011644,1011644,NULL,LIMIT,BUY,1,90,2018-08-14T04:59:11.169,2018-08-14T04:59:11.171
choice-moving,Surfer18@bmm,4856,324,6172,6172,649,NULL,1011645,1011645,1011645,NULL,LIMIT,BUY,1,0,2018-08-14T04:59:15.712,2018-08-14T04:59:15.714
choice-moving,Surfer15@bmm,4853,324,6172,6172,647,NULL,1011646,1011646,1011646,1011662,LIMIT,BUY,3,99,2018-08-14T04:59:16.134,2018-08-14T04:59:37.443
choice-moving,Surfer8@bmm,4846,324,6172,6172,649,NULL,1011647,1011647,1011647,0,LIMIT,BUY,2,100,2018-08-14T04:59:19.910,2018-08-14T04:59:19.920
choice-moving,Surfer8@bmm,4846,324,6172,6172,649,NULL,1011648,1011647,1011647,1011637,LIMIT,BUY,1,100,2018-08-14T04:59:19.916,2018-08-14T04:59:19.920
choice-moving,Surfer8@bmm,4846,324,6172,6172,649,NULL,1011649,1011647,1011647,1011639,LIMIT,BUY,1,100,2018-08-14T04:59:19.918,2018-08-14T04:59:19.920
choice-moving,Surfer16@bmm,4854,324,6172,6172,646,NULL,1011650,1011650,1011650,NULL,LIMIT,BUY,1,99,2018-08-14T04:59:20.112,2018-08-14T04:59:20.114
choice-moving,Surfer9@bmm,4847,324,6172,6172,646,NULL,1011651,1011651,1011651,1011600,LIMIT,SELL,1,100,2018-08-14T04:59:20.904,2018-08-14T04:59:20.909
choice-moving,Surfer16@bmm,4854,324,6172,6172,646,NULL,1011652,1011652,1011652,NULL,LIMIT,BUY,1,99,2018-08-14T04:59:21.095,2018-08-14T04:59:21.097
choice-moving,Surfer16@bmm,4854,324,6172,6172,646,NULL,1011653,1011653,1011653,NULL,LIMIT,BUY,1,99,2018-08-14T04:59:22.121,2018-08-14T04:59:22.123
choice-moving,Surfer16@bmm,4854,324,6172,6172,646,NULL,1011654,1011654,1011654,NULL,LIMIT,BUY,1,99,2018-08-14T04:59:24.802,2018-08-14T04:59:24.804
choice-moving,Surfer16@bmm,4854,324,6172,6172,646,NULL,1011655,1011655,1011655,NULL,LIMIT,BUY,1,99,2018-08-14T04:59:25.497,2018-08-14T04:59:25.499
choice-moving,Surfer14@bmm,4852,324,6172,6172,647,NULL,1011656,1011641,1011641,1011641,CANCEL,BUY,1,100,2018-08-14T04:59:26.013,2018-08-14T04:59:26.016
choice-moving,Surfer9@bmm,4847,324,6172,6172,646,NULL,1011657,1011657,1011657,1011601,LIMIT,SELL,1,100,2018-08-14T04:59:27.937,2018-08-14T04:59:27.941
choice-moving,Surfer15@bmm,4853,324,6172,6172,646,NULL,1011658,1011658,1011658,1011667,LIMIT,BUY,4,99,2018-08-14T04:59:33.012,2018-08-14T04:59:40.303
choice-moving,Surfer9@bmm,4847,324,6172,6172,646,NULL,1011659,1011659,1011659,1011602,LIMIT,SELL,1,100,2018-08-14T04:59:33.056,2018-08-14T04:59:33.060
choice-moving,Surfer9@bmm,4847,324,6172,6172,646,NULL,1011660,1011660,1011660,1011603,LIMIT,SELL,1,100,2018-08-14T04:59:34.453,2018-08-14T04:59:34.458
choice-moving,Surfer9@bmm,4847,324,6172,6172,646,NULL,1011661,1011661,1011661,1011604,LIMIT,SELL,1,100,2018-08-14T04:59:35.919,2018-08-14T04:59:35.923
choice-moving,Surfer15@bmm,4853,324,6172,6172,647,NULL,1011662,1011646,1011646,1011646,CANCEL,BUY,3,99,2018-08-14T04:59:37.439,2018-08-14T04:59:37.443
choice-moving,Surfer13@bmm,4851,324,6172,6172,647,NULL,1011663,1011631,1011631,1011631,CANCEL,BUY,1,99,2018-08-14T04:59:37.535,2018-08-14T04:59:37.539
choice-moving,Surfer15@bmm,4853,324,6172,6172,649,NULL,1011664,1011599,1011599,1011599,CANCEL,BUY,5,99,2018-08-14T04:59:38.283,2018-08-14T04:59:38.287
choice-moving,Surfer15@bmm,4853,324,6172,6172,648,NULL,1011665,1011552,1011552,1011552,CANCEL,BUY,4,99,2018-08-14T04:59:39.158,2018-08-14T04:59:39.164
choice-moving,Surfer13@bmm,4851,324,6172,6172,649,NULL,1011666,1011615,1011615,1011615,CANCEL,BUY,1,99,2018-08-14T04:59:40.088,2018-08-14T04:59:40.091
choice-moving,Surfer15@bmm,4853,324,6172,6172,646,NULL,1011667,1011658,1011658,1011658,CANCEL,BUY,4,99,2018-08-14T04:59:40.299,2018-08-14T04:59:40.303
choice-moving,Surfer15@bmm,4853,324,6172,6172,646,NULL,1011668,1011658,1011658,1011668,CANCEL,BUY,4,99,2018-08-14T04:59:40.557,2018-08-14T04:59:40.561
choice-moving,Surfer9@bmm,4847,324,6172,6172,646,NULL,1011669,1011669,1011669,NULL,LIMIT,SELL,1,100,2018-08-14T04:59:40.713,2018-08-14T04:59:40.714
# orders -- end



# final holdings -- begin
account,email,owner,marketplace,session,cash,Security 127,Security 203, Security 331, Security 409
choice-moving,Surfer1@bmm,4839,324,6172,638,4,0,4,2
choice-moving,Surfer2@bmm,4840,324,6172,793,0,4,0,5
choice-moving,Surfer3@bmm,4841,324,6172,521,4,1,5,1
choice-moving,Surfer4@bmm,4842,324,6172,4,2,7,2,6
choice-moving,Surfer5@bmm,4843,324,6172,800,4,0,4,0
choice-moving,Surfer6@bmm,4844,324,6172,800,0,4,0,4
choice-moving,Surfer7@bmm,4845,324,6172,552,4,0,3,4
choice-moving,Surfer8@bmm,4846,324,6172,685,0,5,0,2
choice-moving,Surfer9@bmm,4847,324,6172,1496,1,0,0,0
choice-moving,Surfer10@bmm,4848,324,6172,1286,0,3,0,0
choice-moving,Surfer11@bmm,4849,324,6172,608,4,0,4,2
choice-moving,Surfer12@bmm,4850,324,6172,0,8,4,0,4
choice-moving,Surfer13@bmm,4851,324,6172,800,4,0,4,0
choice-moving,Surfer14@bmm,4852,324,6172,1388,0,1,1,0
choice-moving,Surfer15@bmm,4853,324,6172,1604,0,0,0,0
choice-moving,Surfer16@bmm,4854,324,6172,1490,0,0,0,0
choice-moving,Surfer17@bmm,4855,324,6172,1600,0,0,0,0
choice-moving,Surfer18@bmm,4856,324,6172,135,0,7,3,5
choice-moving,Surfer19@bmm,4857,324,6172,0,5,0,10,1
choice-moving,Surfer20@bmm,4858,324,6172,800,0,4,0,4
choice-moving,Surfer21@bmm,4859,324,6172,800,4,0,4,0
choice-moving,Surfer22@bmm,4860,324,6172,800,0,4,0,4
choice-moving,Surfer23@bmm,4954,324,6172,800,4,0,4,0
choice-moving,Surfer24@bmm,4955,324,6172,800,0,4,0,4
choice-moving,Surfer25@bmm,4956,324,6172,800,4,0,4,0
# final holdings -- end
# initial holdings -- begin
account,email,owner,marketplace,session,cash,Security 127,Security 203, Security 331, Security 409
choice-moving,Surfer1@bmm,4839,324,6392,800,4,0,4,0
choice-moving,Surfer2@bmm,4840,324,6392,800,0,4,0,4
choice-moving,Surfer3@bmm,4841,324,6392,800,4,0,4,0
choice-moving,Surfer4@bmm,4842,324,6392,800,0,4,0,4
choice-moving,Surfer5@bmm,4843,324,6392,800,4,0,4,0
choice-moving,Surfer6@bmm,4844,324,6392,800,0,4,0,4
choice-moving,Surfer7@bmm,4845,324,6392,800,4,0,4,0
choice-moving,Surfer8@bmm,4846,324,6392,800,0,4,0,4
choice-moving,Surfer9@bmm,4847,324,6392,800,4,0,4,0
choice-moving,Surfer10@bmm,4848,324,6392,800,0,4,0,4
choice-moving,Surfer11@bmm,4849,324,6392,800,4,0,4,0
choice-moving,Surfer12@bmm,4850,324,6392,800,0,4,0,4
choice-moving,Surfer13@bmm,4851,324,6392,800,4,0,4,0
choice-moving,Surfer14@bmm,4852,324,6392,800,0,4,0,4
choice-moving,Surfer15@bmm,4853,324,6392,800,4,0,4,0
choice-moving,Surfer16@bmm,4854,324,6392,800,0,4,0,4
choice-moving,Surfer17@bmm,4855,324,6392,800,4,0,4,0
choice-moving,Surfer18@bmm,4856,324,6392,800,0,4,0,4
choice-moving,Surfer19@bmm,4857,324,6392,800,4,0,4,0
choice-moving,Surfer20@bmm,4858,324,6392,800,0,4,0,4
choice-moving,Surfer21@bmm,4859,324,6392,800,4,0,4,0
choice-moving,Surfer22@bmm,4860,324,6392,800,0,4,0,4
choice-moving,Surfer23@bmm,4954,324,6392,800,4,0,4,0
choice-moving,Surfer24@bmm,4955,324,6392,800,0,4,0,4
choice-moving,Surfer25@bmm,4956,324,6392,800,4,0,4,0
# initial holdings -- end



# orders -- begin
account,email,owner,marketplace,session,period,market,target,order,original,supplier,consumer,type,side,units,price,createdDate,lastModifiedDate
choice-moving,Surfer10@bmm,4848,324,6392,6392,647,NULL,1061146,1061146,1061146,1061544,LIMIT,BUY,1,3,2018-08-17T04:56:10.998,2018-08-17T05:03:18.268
choice-moving,Surfer3@bmm,4841,324,6392,6392,646,NULL,1061147,1061147,1061147,1061406,LIMIT,BUY,1,83,2018-08-17T04:56:11.725,2018-08-17T04:59:45.829
choice-moving,Surfer10@bmm,4848,324,6392,6392,647,NULL,1061148,1061148,1061148,1061533,LIMIT,BUY,1,5,2018-08-17T04:56:12.106,2018-08-17T05:03:00.389
choice-moving,Surfer3@bmm,4841,324,6392,6392,646,NULL,1061149,1061149,1061149,1061235,LIMIT,BUY,1,48,2018-08-17T04:56:12.979,2018-08-17T04:57:31.155
choice-moving,Surfer3@bmm,4841,324,6392,6392,646,NULL,1061150,1061150,1061150,1061404,LIMIT,BUY,1,82,2018-08-17T04:56:16.684,2018-08-17T04:59:44.711
choice-moving,Surfer7@bmm,4845,324,6392,6392,648,NULL,1061151,1061151,1061151,1061159,LIMIT,SELL,1,10,2018-08-17T04:56:17.632,2018-08-17T04:56:28.716
choice-moving,Surfer3@bmm,4841,324,6392,6392,646,NULL,1061152,1061152,1061152,1061496,LIMIT,BUY,1,92,2018-08-17T04:56:20.615,2018-08-17T05:02:23.418
choice-moving,Surfer17@bmm,4855,324,6392,6392,646,NULL,1061153,1061153,1061153,NULL,LIMIT,BUY,1,74,2018-08-17T04:56:20.701,2018-08-17T04:56:20.704
choice-moving,Surfer10@bmm,4848,324,6392,6392,648,NULL,1061154,1061154,1061154,1061366,LIMIT,BUY,1,0,2018-08-17T04:56:21.165,2018-08-17T04:59:21.702
choice-moving,Surfer10@bmm,4848,324,6392,6392,648,NULL,1061155,1061155,1061155,1061314,LIMIT,BUY,1,0,2018-08-17T04:56:22.245,2018-08-17T04:58:46.630
choice-moving,Surfer17@bmm,4855,324,6392,6392,647,NULL,1061156,1061156,1061156,NULL,LIMIT,BUY,1,50,2018-08-17T04:56:26.932,2018-08-17T04:56:26.935
choice-moving,Surfer10@bmm,4848,324,6392,6392,648,NULL,1061157,1061157,1061157,1061313,LIMIT,BUY,1,3,2018-08-17T04:56:27.354,2018-08-17T04:58:46.063
choice-moving,Surfer17@bmm,4855,324,6392,6392,647,NULL,1061158,1061158,1061158,NULL,LIMIT,BUY,1,50,2018-08-17T04:56:27.576,2018-08-17T04:56:27.579
choice-moving,Surfer15@bmm,4853,324,6392,6392,648,NULL,1061159,1061159,1061159,1061151,LIMIT,BUY,1,10,2018-08-17T04:56:28.711,2018-08-17T04:56:28.716
choice-moving,Surfer18@bmm,4856,324,6392,6392,647,NULL,1061160,1061160,1061160,1061238,LIMIT,BUY,1,82,2018-08-17T04:56:33.201,2018-08-17T04:57:32.548
choice-moving,Surfer12@bmm,4850,324,6392,6392,648,NULL,1061161,1061161,1061161,1061167,LIMIT,BUY,1,17,2018-08-17T04:56:34.421,2018-08-17T04:56:41.056
choice-moving,Surfer14@bmm,4852,324,6392,6392,648,NULL,1061162,1061162,1061162,1061165,LIMIT,BUY,1,97,2018-08-17T04:56:34.819,2018-08-17T04:56:38.706
choice-moving,Surfer15@bmm,4853,324,6392,6392,646,NULL,1061163,1061163,1061163,1061205,LIMIT,BUY,1,99,2018-08-17T04:56:37.343,2018-08-17T04:57:10.703
choice-moving,Surfer9@bmm,4847,324,6392,6392,648,NULL,1061164,1061164,1061164,0,LIMIT,SELL,1,50,2018-08-17T04:56:38.698,2018-08-17T04:56:38.706
choice-moving,Surfer9@bmm,4847,324,6392,6392,648,NULL,1061165,1061164,1061164,1061162,LIMIT,SELL,1,97,2018-08-17T04:56:38.703,2018-08-17T04:56:38.706
choice-moving,Surfer15@bmm,4853,324,6392,6392,648,NULL,1061166,1061166,1061166,0,LIMIT,SELL,1,1,2018-08-17T04:56:41.048,2018-08-17T04:56:41.056
choice-moving,Surfer15@bmm,4853,324,6392,6392,648,NULL,1061167,1061166,1061166,1061161,LIMIT,SELL,1,17,2018-08-17T04:56:41.053,2018-08-17T04:56:41.056
choice-moving,Surfer10@bmm,4848,324,6392,6392,647,NULL,1061168,1061168,1061168,1061348,LIMIT,BUY,1,34,2018-08-17T04:56:41.095,2018-08-17T04:59:10.573
choice-moving,Surfer14@bmm,4852,324,6392,6392,646,NULL,1061169,1061169,1061169,1061209,LIMIT,BUY,1,99,2018-08-17T04:56:47.357,2018-08-17T04:57:16.421
choice-moving,Surfer19@bmm,4857,324,6392,6392,648,NULL,1061170,1061170,1061170,1061475,LIMIT,BUY,1,50,2018-08-17T04:56:48.146,2018-08-17T05:01:49.638
choice-moving,Surfer4@bmm,4842,324,6392,6392,646,NULL,1061171,1061171,1061171,1061335,LIMIT,BUY,1,99,2018-08-17T04:56:49.169,2018-08-17T04:59:00.853
choice-moving,Surfer4@bmm,4842,324,6392,6392,646,NULL,1061172,1061172,1061172,1061338,LIMIT,BUY,1,99,2018-08-17T04:56:50.097,2018-08-17T04:59:03.302
choice-moving,Surfer9@bmm,4847,324,6392,6392,646,NULL,1061173,1061173,1061173,1061177,LIMIT,SELL,1,100,2018-08-17T04:56:50.307,2018-08-17T04:56:54.458
choice-moving,Surfer13@bmm,4851,324,6392,6392,647,NULL,1061174,1061174,1061174,1061180,LIMIT,BUY,1,93,2018-08-17T04:56:50.637,2018-08-17T04:56:55.790
choice-moving,Surfer3@bmm,4841,324,6392,6392,648,NULL,1061175,1061175,1061175,1061511,LIMIT,BUY,1,60,2018-08-17T04:56:50.794,2018-08-17T05:02:33.411
choice-moving,Surfer14@bmm,4852,324,6392,6392,647,NULL,1061176,1061176,1061176,1061233,LIMIT,BUY,1,99,2018-08-17T04:56:53.071,2018-08-17T04:57:30.575
choice-moving,Surfer8@bmm,4846,324,6392,6392,646,NULL,1061177,1061177,1061177,1061173,LIMIT,BUY,1,100,2018-08-17T04:56:54.452,2018-08-17T04:56:54.458
choice-moving,Surfer19@bmm,4857,324,6392,6392,648,NULL,1061178,1061178,1061178,1061478,LIMIT,BUY,1,77,2018-08-17T04:56:54.980,2018-08-17T05:01:59.966
choice-moving,Surfer17@bmm,4855,324,6392,6392,648,NULL,1061179,1061179,1061179,NULL,LIMIT,BUY,1,34,2018-08-17T04:56:55.323,2018-08-17T04:56:55.325
choice-moving,Surfer13@bmm,4851,324,6392,6392,647,NULL,1061180,1061174,1061174,1061174,CANCEL,BUY,1,93,2018-08-17T04:56:55.786,2018-08-17T04:56:55.790
choice-moving,Surfer3@bmm,4841,324,6392,6392,648,NULL,1061181,1061181,1061181,1061510,LIMIT,BUY,1,77,2018-08-17T04:56:57.673,2018-08-17T05:02:32.561
choice-moving,Surfer18@bmm,4856,324,6392,6392,648,NULL,1061182,1061182,1061182,1061184,LIMIT,BUY,1,80,2018-08-17T04:56:58.473,2018-08-17T04:56:59.112
choice-moving,Surfer15@bmm,4853,324,6392,6392,648,NULL,1061183,1061183,1061183,0,LIMIT,SELL,1,1,2018-08-17T04:56:59.103,2018-08-17T04:56:59.111
choice-moving,Surfer15@bmm,4853,324,6392,6392,648,NULL,1061184,1061183,1061183,1061182,LIMIT,SELL,1,80,2018-08-17T04:56:59.108,2018-08-17T04:56:59.112
choice-moving,Surfer3@bmm,4841,324,6392,6392,648,NULL,1061185,1061185,1061185,1061507,LIMIT,BUY,1,86,2018-08-17T04:56:59.492,2018-08-17T05:02:30.765
choice-moving,Surfer2@bmm,4840,324,6392,6392,646,NULL,1061186,1061186,1061186,1061203,LIMIT,BUY,1,100,2018-08-17T04:56:59.616,2018-08-17T04:57:08.601
choice-moving,Surfer19@bmm,4857,324,6392,6392,648,NULL,1061187,1061187,1061187,1061479,LIMIT,BUY,1,85,2018-08-17T04:56:59.797,2018-08-17T05:02:00.984
choice-moving,Surfer13@bmm,4851,324,6392,6392,647,NULL,1061188,1061188,1061188,1061192,LIMIT,BUY,1,99,2018-08-17T04:56:59.907,2018-08-17T04:57:02.682
choice-moving,Surfer8@bmm,4846,324,6392,6392,647,NULL,1061189,1061189,1061189,1061228,LIMIT,BUY,1,100,2018-08-17T04:57:00.526,2018-08-17T04:57:28.511
choice-moving,Surfer4@bmm,4842,324,6392,6392,649,NULL,1061190,1061190,1061190,1061201,LIMIT,SELL,1,4,2018-08-17T04:57:01.823,2018-08-17T04:57:08.179
choice-moving,Surfer4@bmm,4842,324,6392,6392,649,NULL,1061191,1061191,1061191,1061213,LIMIT,SELL,1,4,2018-08-17T04:57:02.069,2018-08-17T04:57:18.585
choice-moving,Surfer13@bmm,4851,324,6392,6392,647,NULL,1061192,1061188,1061188,1061188,CANCEL,BUY,1,99,2018-08-17T04:57:02.677,2018-08-17T04:57:02.682
choice-moving,Surfer4@bmm,4842,324,6392,6392,649,NULL,1061193,1061193,1061193,1061215,LIMIT,SELL,1,4,2018-08-17T04:57:02.760,2018-08-17T04:57:19.668
choice-moving,Surfer4@bmm,4842,324,6392,6392,649,NULL,1061194,1061194,1061194,1061217,LIMIT,SELL,1,4,2018-08-17T04:57:02.940,2018-08-17T04:57:20.563
choice-moving,Surfer17@bmm,4855,324,6392,6392,647,NULL,1061195,1061195,1061195,1061230,LIMIT,BUY,1,100,2018-08-17T04:57:03.267,2018-08-17T04:57:29.743
choice-moving,Surfer13@bmm,4851,324,6392,6392,647,NULL,1061196,1061196,1061196,1061519,LIMIT,BUY,1,98,2018-08-17T04:57:04.479,2018-08-17T05:02:40
choice-moving,Surfer15@bmm,4853,324,6392,6392,647,NULL,1061197,1061197,1061197,1061237,LIMIT,BUY,1,99,2018-08-17T04:57:07.061,2018-08-17T04:57:31.409
choice-moving,Surfer6@bmm,4844,324,6392,6392,649,NULL,1061198,1061198,1061198,1061218,LIMIT,SELL,1,10,2018-08-17T04:57:07.070,2018-08-17T04:57:21.172
choice-moving,Surfer2@bmm,4840,324,6392,6392,646,NULL,1061199,1061199,1061199,NULL,LIMIT,BUY,1,33,2018-08-17T04:57:07.416,2018-08-17T04:57:07.418
choice-moving,Surfer9@bmm,4847,324,6392,6392,647,NULL,1061200,1061200,1061200,1061520,LIMIT,BUY,1,47,2018-08-17T04:57:07.810,2018-08-17T05:02:42.037
choice-moving,Surfer12@bmm,4850,324,6392,6392,649,NULL,1061201,1061201,1061201,1061190,LIMIT,BUY,1,4,2018-08-17T04:57:08.174,2018-08-17T04:57:08.179
choice-moving,Surfer19@bmm,4857,324,6392,6392,648,NULL,1061202,1061202,1061202,1061381,LIMIT,BUY,1,93,2018-08-17T04:57:08.516,2018-08-17T04:59:28.283
choice-moving,Surfer17@bmm,4855,324,6392,6392,646,NULL,1061203,1061203,1061203,1061186,LIMIT,SELL,1,100,2018-08-17T04:57:08.595,2018-08-17T04:57:08.601
choice-moving,Surfer2@bmm,4840,324,6392,6392,646,NULL,1061204,1061204,1061204,0,LIMIT,SELL,1,33,2018-08-17T04:57:10.694,2018-08-17T04:57:10.703
choice-moving,Surfer2@bmm,4840,324,6392,6392,646,NULL,1061205,1061204,1061204,1061163,LIMIT,SELL,1,99,2018-08-17T04:57:10.700,2018-08-17T04:57:10.703
choice-moving,Surfer14@bmm,4852,324,6392,6392,648,NULL,1061206,1061206,1061206,1061364,LIMIT,BUY,1,98,2018-08-17T04:57:11.215,2018-08-17T04:59:20.622
choice-moving,Surfer19@bmm,4857,324,6392,6392,648,NULL,1061207,1061207,1061207,1061386,LIMIT,BUY,1,93,2018-08-17T04:57:11.300,2018-08-17T04:59:29.448
choice-moving,Surfer2@bmm,4840,324,6392,6392,646,NULL,1061208,1061208,1061208,NULL,LIMIT,BUY,1,33,2018-08-17T04:57:16.159,2018-08-17T04:57:16.161
choice-moving,Surfer15@bmm,4853,324,6392,6392,646,NULL,1061209,1061209,1061209,1061169,LIMIT,SELL,1,99,2018-08-17T04:57:16.414,2018-08-17T04:57:16.420
choice-moving,Surfer11@bmm,4849,324,6392,6392,648,NULL,1061210,1061210,1061210,1061264,LIMIT,BUY,1,99,2018-08-17T04:57:16.603,2018-08-17T04:58:00.895
choice-moving,Surfer13@bmm,4851,324,6392,6392,647,NULL,1061211,1061211,1061211,1061498,LIMIT,BUY,1,99,2018-08-17T04:57:18.284,2018-08-17T05:02:23.917
choice-moving,Surfer6@bmm,4844,324,6392,6392,649,NULL,1061212,1061212,1061212,0,LIMIT,BUY,1,80,2018-08-17T04:57:18.575,2018-08-17T04:57:18.584
choice-moving,Surfer6@bmm,4844,324,6392,6392,649,NULL,1061213,1061212,1061212,1061191,LIMIT,BUY,1,4,2018-08-17T04:57:18.581,2018-08-17T04:57:18.585
choice-moving,Surfer10@bmm,4848,324,6392,6392,649,NULL,1061214,1061214,1061214,0,LIMIT,BUY,1,12,2018-08-17T04:57:19.659,2018-08-17T04:57:19.668
choice-moving,Surfer10@bmm,4848,324,6392,6392,649,NULL,1061215,1061214,1061214,1061193,LIMIT,BUY,1,4,2018-08-17T04:57:19.664,2018-08-17T04:57:19.668
choice-moving,Surfer10@bmm,4848,324,6392,6392,649,NULL,1061216,1061216,1061216,0,LIMIT,BUY,1,12,2018-08-17T04:57:20.555,2018-08-17T04:57:20.563
choice-moving,Surfer10@bmm,4848,324,6392,6392,649,NULL,1061217,1061216,1061216,1061194,LIMIT,BUY,1,4,2018-08-17T04:57:20.560,2018-08-17T04:57:20.563
choice-moving,Surfer12@bmm,4850,324,6392,6392,649,NULL,1061218,1061218,1061218,1061198,LIMIT,BUY,1,10,2018-08-17T04:57:21.166,2018-08-17T04:57:21.172
choice-moving,Surfer10@bmm,4848,324,6392,6392,649,NULL,1061219,1061219,1061219,1061543,LIMIT,BUY,1,12,2018-08-17T04:57:21.194,2018-08-17T05:03:13.518
choice-moving,Surfer2@bmm,4840,324,6392,6392,646,NULL,1061220,1061220,1061220,NULL,LIMIT,BUY,1,33,2018-08-17T04:57:22.254,2018-08-17T04:57:22.257
choice-moving,Surfer2@bmm,4840,324,6392,6392,646,NULL,1061221,1061221,1061221,NULL,LIMIT,BUY,1,33,2018-08-17T04:57:24.272,2018-08-17T04:57:24.274
choice-moving,Surfer10@bmm,4848,324,6392,6392,649,NULL,1061222,1061222,1061222,1061540,LIMIT,BUY,1,12,2018-08-17T04:57:24.578,2018-08-17T05:03:11.416
choice-moving,Surfer12@bmm,4850,324,6392,6392,649,NULL,1061223,1061223,1061223,NULL,LIMIT,BUY,1,4,2018-08-17T04:57:25.758,2018-08-17T04:57:25.760
choice-moving,Surfer18@bmm,4856,324,6392,6392,649,NULL,1061224,1061224,1061224,1061246,LIMIT,BUY,1,22,2018-08-17T04:57:27.072,2018-08-17T04:57:47.642
choice-moving,Surfer10@bmm,4848,324,6392,6392,649,NULL,1061225,1061225,1061225,1061541,LIMIT,BUY,1,9,2018-08-17T04:57:27.274,2018-08-17T05:03:12.333
choice-moving,Surfer5@bmm,4843,324,6392,6392,646,NULL,1061226,1061226,1061226,NULL,LIMIT,BUY,1,0,2018-08-17T04:57:28.218,2018-08-17T04:57:28.221
choice-moving,Surfer2@bmm,4840,324,6392,6392,647,NULL,1061227,1061227,1061227,0,LIMIT,SELL,1,23,2018-08-17T04:57:28.502,2018-08-17T04:57:28.511
choice-moving,Surfer2@bmm,4840,324,6392,6392,647,NULL,1061228,1061227,1061227,1061189,LIMIT,SELL,1,100,2018-08-17T04:57:28.508,2018-08-17T04:57:28.511
choice-moving,Surfer2@bmm,4840,324,6392,6392,647,NULL,1061229,1061229,1061229,0,LIMIT,SELL,1,23,2018-08-17T04:57:29.734,2018-08-17T04:57:29.743
choice-moving,Surfer2@bmm,4840,324,6392,6392,647,NULL,1061230,1061229,1061229,1061195,LIMIT,SELL,1,100,2018-08-17T04:57:29.740,2018-08-17T04:57:29.743
choice-moving,Surfer4@bmm,4842,324,6392,6392,649,NULL,1061231,1061231,1061231,NULL,LIMIT,BUY,1,0,2018-08-17T04:57:30.424,2018-08-17T04:57:30.426
choice-moving,Surfer2@bmm,4840,324,6392,6392,647,NULL,1061232,1061232,1061232,0,LIMIT,SELL,1,23,2018-08-17T04:57:30.568,2018-08-17T04:57:30.575
choice-moving,Surfer2@bmm,4840,324,6392,6392,647,NULL,1061233,1061232,1061232,1061176,LIMIT,SELL,1,99,2018-08-17T04:57:30.572,2018-08-17T04:57:30.575
choice-moving,Surfer4@bmm,4842,324,6392,6392,649,NULL,1061234,1061234,1061234,NULL,LIMIT,BUY,1,0,2018-08-17T04:57:30.595,2018-08-17T04:57:30.599
choice-moving,Surfer3@bmm,4841,324,6392,6392,646,NULL,1061235,1061149,1061149,1061149,CANCEL,BUY,1,48,2018-08-17T04:57:31.150,2018-08-17T04:57:31.154
choice-moving,Surfer2@bmm,4840,324,6392,6392,647,NULL,1061236,1061236,1061236,0,LIMIT,SELL,1,23,2018-08-17T04:57:31.401,2018-08-17T04:57:31.409
choice-moving,Surfer2@bmm,4840,324,6392,6392,647,NULL,1061237,1061236,1061236,1061197,LIMIT,SELL,1,99,2018-08-17T04:57:31.406,2018-08-17T04:57:31.409
choice-moving,Surfer18@bmm,4856,324,6392,6392,647,NULL,1061238,1061160,1061160,1061160,CANCEL,BUY,1,82,2018-08-17T04:57:32.543,2018-08-17T04:57:32.547
choice-moving,Surfer8@bmm,4846,324,6392,6392,649,NULL,1061239,1061239,1061239,1061241,LIMIT,SELL,1,25,2018-08-17T04:57:38.535,2018-08-17T04:57:42.937
choice-moving,Surfer19@bmm,4857,324,6392,6392,648,NULL,1061240,1061240,1061240,1061275,LIMIT,BUY,1,99,2018-08-17T04:57:42.181,2018-08-17T04:58:12.554
choice-moving,Surfer18@bmm,4856,324,6392,6392,649,NULL,1061241,1061241,1061241,1061239,LIMIT,BUY,1,25,2018-08-17T04:57:42.932,2018-08-17T04:57:42.937
choice-moving,Surfer11@bmm,4849,324,6392,6392,649,NULL,1061242,1061242,1061242,NULL,LIMIT,BUY,1,25,2018-08-17T04:57:43.493,2018-08-17T04:57:43.496
choice-moving,Surfer10@bmm,4848,324,6392,6392,649,NULL,1061243,1061243,1061243,1061318,LIMIT,BUY,1,37,2018-08-17T04:57:43.598,2018-08-17T04:58:50.398
choice-moving,Surfer15@bmm,4853,324,6392,6392,648,NULL,1061244,1061244,1061244,1061307,LIMIT,BUY,1,99,2018-08-17T04:57:44.063,2018-08-17T04:58:38.117
choice-moving,Surfer4@bmm,4842,324,6392,6392,649,NULL,1061245,1061245,1061245,1061255,LIMIT,BUY,1,99,2018-08-17T04:57:46.131,2018-08-17T04:57:54.597
choice-moving,Surfer18@bmm,4856,324,6392,6392,649,NULL,1061246,1061224,1061224,1061224,CANCEL,BUY,1,22,2018-08-17T04:57:47.637,2018-08-17T04:57:47.642
choice-moving,Surfer13@bmm,4851,324,6392,6392,648,NULL,1061247,1061247,1061247,1061347,LIMIT,BUY,1,99,2018-08-17T04:57:49.924,2018-08-17T04:59:10.385
choice-moving,Surfer2@bmm,4840,324,6392,6392,646,NULL,1061248,1061248,1061248,NULL,LIMIT,BUY,1,17,2018-08-17T04:57:50.422,2018-08-17T04:57:50.424
choice-moving,Surfer10@bmm,4848,324,6392,6392,649,NULL,1061249,1061249,1061249,1061262,LIMIT,BUY,1,43,2018-08-17T04:57:50.858,2018-08-17T04:57:58.836
choice-moving,Surfer2@bmm,4840,324,6392,6392,646,NULL,1061250,1061250,1061250,NULL,LIMIT,BUY,1,17,2018-08-17T04:57:51.679,2018-08-17T04:57:51.681
choice-moving,Surfer17@bmm,4855,324,6392,6392,649,NULL,1061251,1061251,1061251,1061257,LIMIT,BUY,1,71,2018-08-17T04:57:52.038,2018-08-17T04:57:56.352
choice-moving,Surfer10@bmm,4848,324,6392,6392,648,NULL,1061252,1061252,1061252,1061312,LIMIT,BUY,1,42,2018-08-17T04:57:54.139,2018-08-17T04:58:45.233
choice-moving,Surfer17@bmm,4855,324,6392,6392,649,NULL,1061253,1061253,1061253,1061259,LIMIT,BUY,1,71,2018-08-17T04:57:54.396,2018-08-17T04:57:57.590
choice-moving,Surfer2@bmm,4840,324,6392,6392,649,NULL,1061254,1061254,1061254,0,LIMIT,SELL,1,24,2018-08-17T04:57:54.589,2018-08-17T04:57:54.597
choice-moving,Surfer2@bmm,4840,324,6392,6392,649,NULL,1061255,1061254,1061254,1061245,LIMIT,SELL,1,99,2018-08-17T04:57:54.594,2018-08-17T04:57:54.597
choice-moving,Surfer2@bmm,4840,324,6392,6392,649,NULL,1061256,1061256,1061256,0,LIMIT,SELL,1,24,2018-08-17T04:57:56.343,2018-08-17T04:57:56.352
choice-moving,Surfer2@bmm,4840,324,6392,6392,649,NULL,1061257,1061256,1061256,1061251,LIMIT,SELL,1,71,2018-08-17T04:57:56.349,2018-08-17T04:57:56.352
choice-moving,Surfer2@bmm,4840,324,6392,6392,649,NULL,1061258,1061258,1061258,0,LIMIT,SELL,1,24,2018-08-17T04:57:57.582,2018-08-17T04:57:57.590
choice-moving,Surfer2@bmm,4840,324,6392,6392,649,NULL,1061259,1061258,1061258,1061253,LIMIT,SELL,1,71,2018-08-17T04:57:57.587,2018-08-17T04:57:57.590
choice-moving,Surfer4@bmm,4842,324,6392,6392,647,NULL,1061260,1061260,1061260,1061266,LIMIT,BUY,1,98,2018-08-17T04:57:57.978,2018-08-17T04:58:03.095
choice-moving,Surfer2@bmm,4840,324,6392,6392,649,NULL,1061261,1061261,1061261,0,LIMIT,SELL,1,24,2018-08-17T04:57:58.822,2018-08-17T04:57:58.836
choice-moving,Surfer2@bmm,4840,324,6392,6392,649,NULL,1061262,1061261,1061261,1061249,LIMIT,SELL,1,43,2018-08-17T04:57:58.832,2018-08-17T04:57:58.836
choice-moving,Surfer7@bmm,4845,324,6392,6392,648,NULL,1061263,1061263,1061263,0,LIMIT,SELL,1,90,2018-08-17T04:58:00.887,2018-08-17T04:58:00.895
choice-moving,Surfer7@bmm,4845,324,6392,6392,648,NULL,1061264,1061263,1061263,1061210,LIMIT,SELL,1,99,2018-08-17T04:58:00.892,2018-08-17T04:58:00.895
choice-moving,Surfer4@bmm,4842,324,6392,6392,647,NULL,1061265,1061265,1061265,1061500,LIMIT,BUY,1,99,2018-08-17T04:58:01.779,2018-08-17T05:02:25.551
choice-moving,Surfer4@bmm,4842,324,6392,6392,647,NULL,1061266,1061260,1061260,1061260,CANCEL,BUY,1,98,2018-08-17T04:58:03.090,2018-08-17T04:58:03.094
choice-moving,Surfer10@bmm,4848,324,6392,6392,647,NULL,1061267,1061267,1061267,1061432,LIMIT,BUY,1,98,2018-08-17T04:58:04.202,2018-08-17T05:00:20.812
choice-moving,Surfer2@bmm,4840,324,6392,6392,646,NULL,1061268,1061268,1061268,NULL,LIMIT,BUY,1,49,2018-08-17T04:58:04.471,2018-08-17T04:58:04.479
choice-moving,Surfer2@bmm,4840,324,6392,6392,646,NULL,1061269,1061269,1061269,NULL,LIMIT,BUY,1,49,2018-08-17T04:58:05.560,2018-08-17T04:58:05.562
choice-moving,Surfer2@bmm,4840,324,6392,6392,646,NULL,1061270,1061270,1061270,NULL,LIMIT,BUY,1,49,2018-08-17T04:58:06.483,2018-08-17T04:58:06.485
choice-moving,Surfer2@bmm,4840,324,6392,6392,646,NULL,1061271,1061271,1061271,NULL,LIMIT,BUY,1,49,2018-08-17T04:58:07.360,2018-08-17T04:58:07.363
choice-moving,Surfer10@bmm,4848,324,6392,6392,646,NULL,1061272,1061272,1061272,1061379,LIMIT,BUY,1,98,2018-08-17T04:58:08.387,2018-08-17T04:59:27.651
choice-moving,Surfer11@bmm,4849,324,6392,6392,649,NULL,1061273,1061273,1061273,NULL,LIMIT,BUY,1,52,2018-08-17T04:58:09.720,2018-08-17T04:58:09.722
choice-moving,Surfer18@bmm,4856,324,6392,6392,649,NULL,1061274,1061274,1061274,1061277,LIMIT,BUY,1,50,2018-08-17T04:58:10.189,2018-08-17T04:58:15.176
choice-moving,Surfer7@bmm,4845,324,6392,6392,648,NULL,1061275,1061275,1061275,1061240,LIMIT,SELL,1,99,2018-08-17T04:58:12.546,2018-08-17T04:58:12.554
choice-moving,Surfer18@bmm,4856,324,6392,6392,649,NULL,1061276,1061276,1061276,1061285,LIMIT,BUY,1,60,2018-08-17T04:58:13.656,2018-08-17T04:58:24.153
choice-moving,Surfer18@bmm,4856,324,6392,6392,649,NULL,1061277,1061274,1061274,1061274,CANCEL,BUY,1,50,2018-08-17T04:58:15.171,2018-08-17T04:58:15.176
choice-moving,Surfer13@bmm,4851,324,6392,6392,649,NULL,1061278,1061278,1061278,1061287,LIMIT,BUY,1,90,2018-08-17T04:58:17.112,2018-08-17T04:58:24.973
choice-moving,Surfer15@bmm,4853,324,6392,6392,646,NULL,1061279,1061279,1061279,1061341,LIMIT,BUY,1,99,2018-08-17T04:58:17.970,2018-08-17T04:59:05.427
choice-moving,Surfer9@bmm,4847,324,6392,6392,647,NULL,1061280,1061280,1061280,1061513,LIMIT,BUY,1,47,2018-08-17T04:58:20.961,2018-08-17T05:02:35.771
choice-moving,Surfer2@bmm,4840,324,6392,6392,649,NULL,1061281,1061281,1061281,NULL,LIMIT,BUY,1,60,2018-08-17T04:58:21.236,2018-08-17T04:58:21.238
choice-moving,Surfer18@bmm,4856,324,6392,6392,649,NULL,1061282,1061282,1061282,1061350,LIMIT,BUY,1,80,2018-08-17T04:58:21.942,2018-08-17T04:59:11.420
choice-moving,Surfer3@bmm,4841,324,6392,6392,649,NULL,1061283,1061283,1061283,1061503,LIMIT,BUY,1,94,2018-08-17T04:58:22.043,2018-08-17T05:02:27.756
choice-moving,Surfer10@bmm,4848,324,6392,6392,649,NULL,1061284,1061284,1061284,1061321,LIMIT,BUY,1,90,2018-08-17T04:58:23.136,2018-08-17T04:58:52.341
choice-moving,Surfer18@bmm,4856,324,6392,6392,649,NULL,1061285,1061276,1061276,1061276,CANCEL,BUY,1,60,2018-08-17T04:58:24.148,2018-08-17T04:58:24.152
choice-moving,Surfer2@bmm,4840,324,6392,6392,648,NULL,1061286,1061286,1061286,NULL,LIMIT,BUY,1,55,2018-08-17T04:58:24.614,2018-08-17T04:58:24.616
choice-moving,Surfer13@bmm,4851,324,6392,6392,649,NULL,1061287,1061278,1061278,1061278,CANCEL,BUY,1,90,2018-08-17T04:58:24.968,2018-08-17T04:58:24.972
choice-moving,Surfer3@bmm,4841,324,6392,6392,649,NULL,1061288,1061288,1061288,1061504,LIMIT,BUY,1,97,2018-08-17T04:58:25.029,2018-08-17T05:02:28.688
choice-moving,Surfer15@bmm,4853,324,6392,6392,647,NULL,1061289,1061289,1061289,1061509,LIMIT,BUY,1,99,2018-08-17T04:58:25.357,2018-08-17T05:02:32.381
choice-moving,Surfer11@bmm,4849,324,6392,6392,649,NULL,1061290,1061290,1061290,1061305,LIMIT,BUY,1,99,2018-08-17T04:58:26.314,2018-08-17T04:58:37.987
choice-moving,Surfer2@bmm,4840,324,6392,6392,647,NULL,1061291,1061291,1061291,NULL,LIMIT,BUY,1,56,2018-08-17T04:58:27.799,2018-08-17T04:58:27.801
choice-moving,Surfer1@bmm,4839,324,6392,6392,648,NULL,1061292,1061292,1061292,NULL,LIMIT,BUY,1,60,2018-08-17T04:58:28.076,2018-08-17T04:58:28.078
choice-moving,Surfer8@bmm,4846,324,6392,6392,646,NULL,1061293,1061293,1061293,1061326,LIMIT,BUY,1,100,2018-08-17T04:58:28.258,2018-08-17T04:58:55.195
choice-moving,Surfer4@bmm,4842,324,6392,6392,649,NULL,1061294,1061294,1061294,1061317,LIMIT,SELL,1,100,2018-08-17T04:58:28.389,2018-08-17T04:58:50.330
choice-moving,Surfer17@bmm,4855,324,6392,6392,648,NULL,1061295,1061295,1061295,1061355,LIMIT,SELL,1,100,2018-08-17T04:58:28.670,2018-08-17T04:59:14.869
choice-moving,Surfer6@bmm,4844,324,6392,6392,649,NULL,1061296,1061296,1061296,NULL,LIMIT,BUY,1,80,2018-08-17T04:58:29.731,2018-08-17T04:58:29.733
choice-moving,Surfer13@bmm,4851,324,6392,6392,649,NULL,1061297,1061297,1061297,1061311,LIMIT,BUY,1,99,2018-08-17T04:58:29.751,2018-08-17T04:58:44.706
choice-moving,Surfer10@bmm,4848,324,6392,6392,649,NULL,1061298,1061298,1061298,1061320,LIMIT,BUY,1,99,2018-08-17T04:58:30.235,2018-08-17T04:58:50.833
choice-moving,Surfer2@bmm,4840,324,6392,6392,649,NULL,1061299,1061299,1061299,NULL,LIMIT,BUY,1,23,2018-08-17T04:58:31.208,2018-08-17T04:58:31.210
choice-moving,Surfer8@bmm,4846,324,6392,6392,647,NULL,1061300,1061300,1061300,1061423,LIMIT,BUY,1,100,2018-08-17T04:58:31.239,2018-08-17T05:00:04.840
choice-moving,Surfer17@bmm,4855,324,6392,6392,648,NULL,1061301,1061301,1061301,1061346,LIMIT,SELL,1,100,2018-08-17T04:58:34.282,2018-08-17T04:59:10.053
choice-moving,Surfer10@bmm,4848,324,6392,6392,648,NULL,1061302,1061302,1061302,1061361,LIMIT,BUY,1,99,2018-08-17T04:58:34.997,2018-08-17T04:59:17.664
choice-moving,Surfer1@bmm,4839,324,6392,6392,648,NULL,1061303,1061303,1061303,1061377,LIMIT,BUY,1,94,2018-08-17T04:58:35.710,2018-08-17T04:59:26.589
choice-moving,Surfer14@bmm,4852,324,6392,6392,649,NULL,1061304,1061304,1061304,0,LIMIT,SELL,1,14,2018-08-17T04:58:37.979,2018-08-17T04:58:37.987
choice-moving,Surfer14@bmm,4852,324,6392,6392,649,NULL,1061305,1061304,1061304,1061290,LIMIT,SELL,1,99,2018-08-17T04:58:37.983,2018-08-17T04:58:37.987
choice-moving,Surfer9@bmm,4847,324,6392,6392,648,NULL,1061306,1061306,1061306,0,LIMIT,SELL,1,60,2018-08-17T04:58:38.109,2018-08-17T04:58:38.117
choice-moving,Surfer9@bmm,4847,324,6392,6392,648,NULL,1061307,1061306,1061306,1061244,LIMIT,SELL,1,99,2018-08-17T04:58:38.114,2018-08-17T04:58:38.117
choice-moving,Surfer10@bmm,4848,324,6392,6392,646,NULL,1061308,1061308,1061308,1061384,LIMIT,BUY,1,99,2018-08-17T04:58:40.157,2018-08-17T04:59:29.402
choice-moving,Surfer17@bmm,4855,324,6392,6392,649,NULL,1061309,1061309,1061309,1061375,LIMIT,SELL,1,100,2018-08-17T04:58:43.058,2018-08-17T04:59:26.559
choice-moving,Surfer14@bmm,4852,324,6392,6392,649,NULL,1061310,1061310,1061310,0,LIMIT,SELL,1,58,2018-08-17T04:58:44.698,2018-08-17T04:58:44.706
choice-moving,Surfer14@bmm,4852,324,6392,6392,649,NULL,1061311,1061310,1061310,1061297,LIMIT,SELL,1,99,2018-08-17T04:58:44.703,2018-08-17T04:58:44.706
choice-moving,Surfer10@bmm,4848,324,6392,6392,648,NULL,1061312,1061252,1061252,1061252,CANCEL,BUY,1,42,2018-08-17T04:58:45.228,2018-08-17T04:58:45.233
choice-moving,Surfer10@bmm,4848,324,6392,6392,648,NULL,1061313,1061157,1061157,1061157,CANCEL,BUY,1,3,2018-08-17T04:58:46.058,2018-08-17T04:58:46.062
choice-moving,Surfer10@bmm,4848,324,6392,6392,648,NULL,1061314,1061155,1061155,1061155,CANCEL,BUY,1,0,2018-08-17T04:58:46.625,2018-08-17T04:58:46.629
choice-moving,Surfer8@bmm,4846,324,6392,6392,649,NULL,1061315,1061315,1061315,1061409,LIMIT,SELL,1,100,2018-08-17T04:58:48.095,2018-08-17T04:59:49.776
choice-moving,Surfer2@bmm,4840,324,6392,6392,649,NULL,1061316,1061316,1061316,NULL,LIMIT,BUY,1,16,2018-08-17T04:58:49.288,2018-08-17T04:58:49.290
choice-moving,Surfer6@bmm,4844,324,6392,6392,649,NULL,1061317,1061317,1061317,1061294,LIMIT,BUY,1,100,2018-08-17T04:58:50.325,2018-08-17T04:58:50.330
choice-moving,Surfer10@bmm,4848,324,6392,6392,649,NULL,1061318,1061243,1061243,1061243,CANCEL,BUY,1,37,2018-08-17T04:58:50.393,2018-08-17T04:58:50.398
choice-moving,Surfer2@bmm,4840,324,6392,6392,649,NULL,1061319,1061319,1061319,NULL,LIMIT,BUY,1,16,2018-08-17T04:58:50.688,2018-08-17T04:58:50.691
choice-moving,Surfer14@bmm,4852,324,6392,6392,649,NULL,1061320,1061320,1061320,1061298,LIMIT,SELL,1,99,2018-08-17T04:58:50.827,2018-08-17T04:58:50.832
choice-moving,Surfer10@bmm,4848,324,6392,6392,649,NULL,1061321,1061284,1061284,1061284,CANCEL,BUY,1,90,2018-08-17T04:58:52.337,2018-08-17T04:58:52.341
choice-moving,Surfer9@bmm,4847,324,6392,6392,648,NULL,1061322,1061322,1061322,1061374,LIMIT,SELL,1,100,2018-08-17T04:58:52.715,2018-08-17T04:59:25.844
choice-moving,Surfer1@bmm,4839,324,6392,6392,647,NULL,1061323,1061323,1061323,NULL,LIMIT,BUY,1,84,2018-08-17T04:58:53.858,2018-08-17T04:58:53.860
choice-moving,Surfer2@bmm,4840,324,6392,6392,648,NULL,1061324,1061324,1061324,NULL,LIMIT,BUY,1,18,2018-08-17T04:58:54.775,2018-08-17T04:58:54.778
choice-moving,Surfer5@bmm,4843,324,6392,6392,646,NULL,1061325,1061325,1061325,0,LIMIT,SELL,1,0,2018-08-17T04:58:55.185,2018-08-17T04:58:55.195
choice-moving,Surfer5@bmm,4843,324,6392,6392,646,NULL,1061326,1061325,1061325,1061293,LIMIT,SELL,1,100,2018-08-17T04:58:55.191,2018-08-17T04:58:55.195
choice-moving,Surfer2@bmm,4840,324,6392,6392,648,NULL,1061327,1061327,1061327,NULL,LIMIT,BUY,1,18,2018-08-17T04:58:55.662,2018-08-17T04:58:55.664
choice-moving,Surfer14@bmm,4852,324,6392,6392,649,NULL,1061328,1061328,1061328,1061342,LIMIT,SELL,1,99,2018-08-17T04:58:56.743,2018-08-17T04:59:05.965
choice-moving,Surfer17@bmm,4855,324,6392,6392,646,NULL,1061329,1061329,1061329,1061415,LIMIT,SELL,1,100,2018-08-17T04:58:57.077,2018-08-17T04:59:56.028
choice-moving,Surfer2@bmm,4840,324,6392,6392,647,NULL,1061330,1061330,1061330,NULL,LIMIT,BUY,1,17,2018-08-17T04:58:59.230,2018-08-17T04:58:59.233
choice-moving,Surfer10@bmm,4848,324,6392,6392,649,NULL,1061331,1061331,1061331,1061333,LIMIT,BUY,1,98,2018-08-17T04:59:00.481,2018-08-17T04:59:00.502
choice-moving,Surfer8@bmm,4846,324,6392,6392,649,NULL,1061332,1061332,1061332,0,LIMIT,SELL,1,97,2018-08-17T04:59:00.494,2018-08-17T04:59:00.502
choice-moving,Surfer8@bmm,4846,324,6392,6392,649,NULL,1061333,1061332,1061332,1061331,LIMIT,SELL,1,98,2018-08-17T04:59:00.499,2018-08-17T04:59:00.502
choice-moving,Surfer5@bmm,4843,324,6392,6392,646,NULL,1061334,1061334,1061334,0,LIMIT,SELL,1,0,2018-08-17T04:59:00.843,2018-08-17T04:59:00.853
choice-moving,Surfer5@bmm,4843,324,6392,6392,646,NULL,1061335,1061334,1061334,1061171,LIMIT,SELL,1,99,2018-08-17T04:59:00.849,2018-08-17T04:59:00.872
choice-moving,Surfer2@bmm,4840,324,6392,6392,646,NULL,1061336,1061336,1061336,NULL,LIMIT,BUY,1,28,2018-08-17T04:59:02.105,2018-08-17T04:59:02.108
choice-moving,Surfer5@bmm,4843,324,6392,6392,646,NULL,1061337,1061337,1061337,0,LIMIT,SELL,1,0,2018-08-17T04:59:03.293,2018-08-17T04:59:03.302
choice-moving,Surfer5@bmm,4843,324,6392,6392,646,NULL,1061338,1061337,1061337,1061172,LIMIT,SELL,1,99,2018-08-17T04:59:03.299,2018-08-17T04:59:03.302
choice-moving,Surfer2@bmm,4840,324,6392,6392,646,NULL,1061339,1061339,1061339,NULL,LIMIT,BUY,1,28,2018-08-17T04:59:05.072,2018-08-17T04:59:05.074
choice-moving,Surfer5@bmm,4843,324,6392,6392,646,NULL,1061340,1061340,1061340,0,LIMIT,SELL,1,0,2018-08-17T04:59:05.411,2018-08-17T04:59:05.426
choice-moving,Surfer5@bmm,4843,324,6392,6392,646,NULL,1061341,1061340,1061340,1061279,LIMIT,SELL,1,99,2018-08-17T04:59:05.415,2018-08-17T04:59:05.427
choice-moving,Surfer11@bmm,4849,324,6392,6392,649,NULL,1061342,1061342,1061342,1061328,LIMIT,BUY,1,99,2018-08-17T04:59:05.960,2018-08-17T04:59:05.965
choice-moving,Surfer1@bmm,4839,324,6392,6392,646,NULL,1061343,1061343,1061343,NULL,LIMIT,BUY,1,90,2018-08-17T04:59:06.341,2018-08-17T04:59:06.343
choice-moving,Surfer2@bmm,4840,324,6392,6392,646,NULL,1061344,1061344,1061344,NULL,LIMIT,BUY,1,28,2018-08-17T04:59:07.632,2018-08-17T04:59:07.634
choice-moving,Surfer18@bmm,4856,324,6392,6392,649,NULL,1061345,1061345,1061345,1061373,LIMIT,BUY,1,99,2018-08-17T04:59:09.442,2018-08-17T04:59:25.163
choice-moving,Surfer17@bmm,4855,324,6392,6392,648,NULL,1061346,1061301,1061301,1061301,CANCEL,SELL,1,100,2018-08-17T04:59:10.048,2018-08-17T04:59:10.053
choice-moving,Surfer7@bmm,4845,324,6392,6392,648,NULL,1061347,1061347,1061347,1061247,LIMIT,SELL,1,99,2018-08-17T04:59:10.377,2018-08-17T04:59:10.384
choice-moving,Surfer10@bmm,4848,324,6392,6392,647,NULL,1061348,1061168,1061168,1061168,CANCEL,BUY,1,34,2018-08-17T04:59:10.569,2018-08-17T04:59:10.573
choice-moving,Surfer1@bmm,4839,324,6392,6392,646,NULL,1061349,1061349,1061349,NULL,LIMIT,BUY,1,90,2018-08-17T04:59:10.689,2018-08-17T04:59:10.691
choice-moving,Surfer18@bmm,4856,324,6392,6392,649,NULL,1061350,1061282,1061282,1061282,CANCEL,BUY,1,80,2018-08-17T04:59:11.415,2018-08-17T04:59:11.420
choice-moving,Surfer2@bmm,4840,324,6392,6392,649,NULL,1061351,1061351,1061351,NULL,LIMIT,BUY,1,25,2018-08-17T04:59:12.103,2018-08-17T04:59:12.105
choice-moving,Surfer4@bmm,4842,324,6392,6392,649,NULL,1061352,1061352,1061352,1061389,LIMIT,BUY,1,99,2018-08-17T04:59:13.252,2018-08-17T04:59:30.991
choice-moving,Surfer2@bmm,4840,324,6392,6392,649,NULL,1061353,1061353,1061353,NULL,LIMIT,BUY,1,25,2018-08-17T04:59:13.808,2018-08-17T04:59:13.810
choice-moving,Surfer16@bmm,4854,324,6392,6392,647,NULL,1061354,1061354,1061354,NULL,LIMIT,BUY,1,3,2018-08-17T04:59:14.753,2018-08-17T04:59:14.755
choice-moving,Surfer17@bmm,4855,324,6392,6392,648,NULL,1061355,1061295,1061295,1061295,CANCEL,SELL,1,100,2018-08-17T04:59:14.864,2018-08-17T04:59:14.868
choice-moving,Surfer6@bmm,4844,324,6392,6392,649,NULL,1061356,1061356,1061356,1061390,LIMIT,BUY,1,99,2018-08-17T04:59:15.271,2018-08-17T04:59:31.713
choice-moving,Surfer2@bmm,4840,324,6392,6392,649,NULL,1061357,1061357,1061357,NULL,LIMIT,BUY,1,25,2018-08-17T04:59:16.451,2018-08-17T04:59:16.453
choice-moving,Surfer16@bmm,4854,324,6392,6392,647,NULL,1061358,1061358,1061358,NULL,LIMIT,BUY,1,5,2018-08-17T04:59:16.961,2018-08-17T04:59:16.964
choice-moving,Surfer10@bmm,4848,324,6392,6392,649,NULL,1061359,1061359,1061359,1061392,LIMIT,BUY,1,99,2018-08-17T04:59:17.038,2018-08-17T04:59:33.039
choice-moving,Surfer1@bmm,4839,324,6392,6392,646,NULL,1061360,1061360,1061360,NULL,LIMIT,BUY,1,96,2018-08-17T04:59:17.532,2018-08-17T04:59:17.534
choice-moving,Surfer17@bmm,4855,324,6392,6392,648,NULL,1061361,1061361,1061361,1061302,LIMIT,SELL,1,99,2018-08-17T04:59:17.659,2018-08-17T04:59:17.664
choice-moving,Surfer16@bmm,4854,324,6392,6392,647,NULL,1061362,1061362,1061362,NULL,LIMIT,BUY,1,17,2018-08-17T04:59:20.247,2018-08-17T04:59:20.249
choice-moving,Surfer5@bmm,4843,324,6392,6392,648,NULL,1061363,1061363,1061363,0,LIMIT,SELL,1,0,2018-08-17T04:59:20.611,2018-08-17T04:59:20.622
choice-moving,Surfer5@bmm,4843,324,6392,6392,648,NULL,1061364,1061363,1061363,1061206,LIMIT,SELL,1,98,2018-08-17T04:59:20.618,2018-08-17T04:59:20.622
choice-moving,Surfer2@bmm,4840,324,6392,6392,648,NULL,1061365,1061365,1061365,NULL,LIMIT,BUY,1,22,2018-08-17T04:59:21.151,2018-08-17T04:59:21.154
choice-moving,Surfer10@bmm,4848,324,6392,6392,648,NULL,1061366,1061154,1061154,1061154,CANCEL,BUY,1,0,2018-08-17T04:59:21.697,2018-08-17T04:59:21.702
choice-moving,Surfer2@bmm,4840,324,6392,6392,648,NULL,1061367,1061367,1061367,NULL,LIMIT,BUY,1,22,2018-08-17T04:59:22.151,2018-08-17T04:59:22.154
choice-moving,Surfer17@bmm,4855,324,6392,6392,648,NULL,1061368,1061368,1061368,1061371,LIMIT,SELL,1,98,2018-08-17T04:59:22.877,2018-08-17T04:59:24.744
choice-moving,Surfer2@bmm,4840,324,6392,6392,648,NULL,1061369,1061369,1061369,NULL,LIMIT,BUY,1,22,2018-08-17T04:59:23.424,2018-08-17T04:59:23.426
choice-moving,Surfer4@bmm,4842,324,6392,6392,648,NULL,1061370,1061370,1061370,0,LIMIT,BUY,1,99,2018-08-17T04:59:24.736,2018-08-17T04:59:24.744
choice-moving,Surfer4@bmm,4842,324,6392,6392,648,NULL,1061371,1061370,1061370,1061368,LIMIT,BUY,1,98,2018-08-17T04:59:24.740,2018-08-17T04:59:24.744
choice-moving,Surfer16@bmm,4854,324,6392,6392,649,NULL,1061372,1061372,1061372,0,LIMIT,SELL,1,0,2018-08-17T04:59:25.155,2018-08-17T04:59:25.163
choice-moving,Surfer16@bmm,4854,324,6392,6392,649,NULL,1061373,1061372,1061372,1061345,LIMIT,SELL,1,99,2018-08-17T04:59:25.159,2018-08-17T04:59:25.163
choice-moving,Surfer6@bmm,4844,324,6392,6392,648,NULL,1061374,1061374,1061374,1061322,LIMIT,BUY,1,100,2018-08-17T04:59:25.837,2018-08-17T04:59:25.843
choice-moving,Surfer17@bmm,4855,324,6392,6392,649,NULL,1061375,1061309,1061309,1061309,CANCEL,SELL,1,100,2018-08-17T04:59:26.554,2018-08-17T04:59:26.558
choice-moving,Surfer5@bmm,4843,324,6392,6392,648,NULL,1061376,1061376,1061376,0,LIMIT,SELL,1,0,2018-08-17T04:59:26.581,2018-08-17T04:59:26.589
choice-moving,Surfer5@bmm,4843,324,6392,6392,648,NULL,1061377,1061376,1061376,1061303,LIMIT,SELL,1,94,2018-08-17T04:59:26.586,2018-08-17T04:59:26.590
choice-moving,Surfer2@bmm,4840,324,6392,6392,648,NULL,1061378,1061378,1061378,NULL,LIMIT,BUY,1,22,2018-08-17T04:59:27.591,2018-08-17T04:59:27.593
choice-moving,Surfer10@bmm,4848,324,6392,6392,646,NULL,1061379,1061272,1061272,1061272,CANCEL,BUY,1,98,2018-08-17T04:59:27.646,2018-08-17T04:59:27.651
choice-moving,Surfer5@bmm,4843,324,6392,6392,648,NULL,1061380,1061380,1061380,0,LIMIT,SELL,1,0,2018-08-17T04:59:28.275,2018-08-17T04:59:28.283
choice-moving,Surfer5@bmm,4843,324,6392,6392,648,NULL,1061381,1061380,1061380,1061202,LIMIT,SELL,1,93,2018-08-17T04:59:28.280,2018-08-17T04:59:28.283
choice-moving,Surfer2@bmm,4840,324,6392,6392,648,NULL,1061382,1061382,1061382,NULL,LIMIT,BUY,1,22,2018-08-17T04:59:28.790,2018-08-17T04:59:28.793
choice-moving,Surfer9@bmm,4847,324,6392,6392,646,NULL,1061383,1061383,1061383,0,LIMIT,SELL,1,60,2018-08-17T04:59:29.394,2018-08-17T04:59:29.402
choice-moving,Surfer9@bmm,4847,324,6392,6392,646,NULL,1061384,1061383,1061383,1061308,LIMIT,SELL,1,99,2018-08-17T04:59:29.399,2018-08-17T04:59:29.402
choice-moving,Surfer5@bmm,4843,324,6392,6392,648,NULL,1061385,1061385,1061385,0,LIMIT,SELL,1,0,2018-08-17T04:59:29.440,2018-08-17T04:59:29.448
choice-moving,Surfer5@bmm,4843,324,6392,6392,648,NULL,1061386,1061385,1061385,1061207,LIMIT,SELL,1,93,2018-08-17T04:59:29.445,2018-08-17T04:59:29.448
choice-moving,Surfer1@bmm,4839,324,6392,6392,646,NULL,1061387,1061387,1061387,NULL,LIMIT,BUY,1,98,2018-08-17T04:59:29.571,2018-08-17T04:59:29.573
choice-moving,Surfer16@bmm,4854,324,6392,6392,649,NULL,1061388,1061388,1061388,0,LIMIT,SELL,1,6,2018-08-17T04:59:30.982,2018-08-17T04:59:30.991
choice-moving,Surfer16@bmm,4854,324,6392,6392,649,NULL,1061389,1061388,1061388,1061352,LIMIT,SELL,1,99,2018-08-17T04:59:30.988,2018-08-17T04:59:30.991
choice-moving,Surfer17@bmm,4855,324,6392,6392,649,NULL,1061390,1061390,1061390,1061356,LIMIT,SELL,1,99,2018-08-17T04:59:31.707,2018-08-17T04:59:31.713
choice-moving,Surfer16@bmm,4854,324,6392,6392,649,NULL,1061391,1061391,1061391,0,LIMIT,SELL,1,9,2018-08-17T04:59:33.031,2018-08-17T04:59:33.038
choice-moving,Surfer16@bmm,4854,324,6392,6392,649,NULL,1061392,1061391,1061391,1061359,LIMIT,SELL,1,99,2018-08-17T04:59:33.035,2018-08-17T04:59:33.039
choice-moving,Surfer2@bmm,4840,324,6392,6392,649,NULL,1061393,1061393,1061393,NULL,LIMIT,BUY,1,11,2018-08-17T04:59:33.568,2018-08-17T04:59:33.570
choice-moving,Surfer15@bmm,4853,324,6392,6392,648,NULL,1061394,1061394,1061394,1061530,LIMIT,BUY,1,99,2018-08-17T04:59:34.437,2018-08-17T05:02:52.716
choice-moving,Surfer2@bmm,4840,324,6392,6392,649,NULL,1061395,1061395,1061395,NULL,LIMIT,BUY,1,11,2018-08-17T04:59:34.455,2018-08-17T04:59:34.457
choice-moving,Surfer3@bmm,4841,324,6392,6392,648,NULL,1061396,1061396,1061396,1061508,LIMIT,BUY,1,83,2018-08-17T04:59:34.910,2018-08-17T05:02:31.768
choice-moving,Surfer10@bmm,4848,324,6392,6392,648,NULL,1061397,1061397,1061397,1061437,LIMIT,BUY,1,90,2018-08-17T04:59:35.470,2018-08-17T05:00:34.602
choice-moving,Surfer18@bmm,4856,324,6392,6392,648,NULL,1061398,1061398,1061398,NULL,LIMIT,BUY,1,95,2018-08-17T04:59:36.788,2018-08-17T04:59:36.791
choice-moving,Surfer8@bmm,4846,324,6392,6392,649,NULL,1061399,1061399,1061399,1061548,LIMIT,BUY,1,97,2018-08-17T04:59:39.492,2018-08-17T05:03:50.912
choice-moving,Surfer5@bmm,4843,324,6392,6392,647,NULL,1061400,1061400,1061400,NULL,LIMIT,BUY,1,0,2018-08-17T04:59:40.322,2018-08-17T04:59:40.324
choice-moving,Surfer2@bmm,4840,324,6392,6392,647,NULL,1061401,1061401,1061401,NULL,LIMIT,BUY,1,30,2018-08-17T04:59:43.568,2018-08-17T04:59:43.570
choice-moving,Surfer18@bmm,4856,324,6392,6392,649,NULL,1061402,1061402,1061402,NULL,LIMIT,BUY,1,95,2018-08-17T04:59:44.225,2018-08-17T04:59:44.228
choice-moving,Surfer6@bmm,4844,324,6392,6392,646,NULL,1061403,1061403,1061403,1061492,LIMIT,BUY,1,99,2018-08-17T04:59:44.601,2018-08-17T05:02:15.870
choice-moving,Surfer3@bmm,4841,324,6392,6392,646,NULL,1061404,1061150,1061150,1061150,CANCEL,BUY,1,82,2018-08-17T04:59:44.706,2018-08-17T04:59:44.711
choice-moving,Surfer11@bmm,4849,324,6392,6392,648,NULL,1061405,1061405,1061405,NULL,LIMIT,BUY,1,99,2018-08-17T04:59:45.749,2018-08-17T04:59:45.752
choice-moving,Surfer3@bmm,4841,324,6392,6392,646,NULL,1061406,1061147,1061147,1061147,CANCEL,BUY,1,83,2018-08-17T04:59:45.825,2018-08-17T04:59:45.829
choice-moving,Surfer3@bmm,4841,324,6392,6392,648,NULL,1061407,1061407,1061407,1061506,LIMIT,BUY,1,97,2018-08-17T04:59:48.063,2018-08-17T05:02:29.704
choice-moving,Surfer16@bmm,4854,324,6392,6392,647,NULL,1061408,1061408,1061408,NULL,LIMIT,BUY,1,0,2018-08-17T04:59:48.922,2018-08-17T04:59:48.924
choice-moving,Surfer8@bmm,4846,324,6392,6392,649,NULL,1061409,1061315,1061315,1061315,CANCEL,SELL,1,100,2018-08-17T04:59:49.766,2018-08-17T04:59:49.776
choice-moving,Surfer2@bmm,4840,324,6392,6392,648,NULL,1061410,1061410,1061410,NULL,LIMIT,BUY,1,14,2018-08-17T04:59:49.784,2018-08-17T04:59:49.786
choice-moving,Surfer16@bmm,4854,324,6392,6392,647,NULL,1061411,1061411,1061411,NULL,LIMIT,BUY,1,0,2018-08-17T04:59:51.156,2018-08-17T04:59:51.158
choice-moving,Surfer16@bmm,4854,324,6392,6392,647,NULL,1061412,1061412,1061412,NULL,LIMIT,BUY,1,0,2018-08-17T04:59:53.520,2018-08-17T04:59:53.522
choice-moving,Surfer9@bmm,4847,324,6392,6392,649,NULL,1061413,1061413,1061413,NULL,LIMIT,BUY,1,80,2018-08-17T04:59:53.658,2018-08-17T04:59:53.660
choice-moving,Surfer11@bmm,4849,324,6392,6392,649,NULL,1061414,1061414,1061414,1061469,LIMIT,BUY,1,99,2018-08-17T04:59:54.854,2018-08-17T05:01:28.385
choice-moving,Surfer8@bmm,4846,324,6392,6392,646,NULL,1061415,1061415,1061415,1061329,LIMIT,BUY,1,100,2018-08-17T04:59:56.022,2018-08-17T04:59:56.028
choice-moving,Surfer5@bmm,4843,324,6392,6392,647,NULL,1061416,1061416,1061416,NULL,LIMIT,BUY,1,0,2018-08-17T04:59:56.403,2018-08-17T04:59:56.405
choice-moving,Surfer2@bmm,4840,324,6392,6392,649,NULL,1061417,1061417,1061417,NULL,LIMIT,BUY,1,17,2018-08-17T04:59:58.712,2018-08-17T04:59:58.714
choice-moving,Surfer2@bmm,4840,324,6392,6392,646,NULL,1061418,1061418,1061418,NULL,LIMIT,BUY,1,19,2018-08-17T05:00:01.470,2018-08-17T05:00:01.473
choice-moving,Surfer8@bmm,4846,324,6392,6392,647,NULL,1061419,1061419,1061419,1061421,LIMIT,BUY,1,100,2018-08-17T05:00:01.747,2018-08-17T05:00:04.297
choice-moving,Surfer6@bmm,4844,324,6392,6392,649,NULL,1061420,1061420,1061420,NULL,LIMIT,BUY,1,99,2018-08-17T05:00:02.982,2018-08-17T05:00:02.985
choice-moving,Surfer8@bmm,4846,324,6392,6392,647,NULL,1061421,1061419,1061419,1061419,CANCEL,BUY,1,100,2018-08-17T05:00:04.292,2018-08-17T05:00:04.296
choice-moving,Surfer14@bmm,4852,324,6392,6392,648,NULL,1061422,1061422,1061422,NULL,LIMIT,BUY,1,99,2018-08-17T05:00:04.403,2018-08-17T05:00:04.405
choice-moving,Surfer8@bmm,4846,324,6392,6392,647,NULL,1061423,1061300,1061300,1061300,CANCEL,BUY,1,100,2018-08-17T05:00:04.835,2018-08-17T05:00:04.840
choice-moving,Surfer8@bmm,4846,324,6392,6392,647,NULL,1061424,1061424,1061424,1061447,LIMIT,BUY,1,100,2018-08-17T05:00:07.208,2018-08-17T05:00:43.931
choice-moving,Surfer2@bmm,4840,324,6392,6392,649,NULL,1061425,1061425,1061425,NULL,LIMIT,BUY,1,24,2018-08-17T05:00:07.423,2018-08-17T05:00:07.426
choice-moving,Surfer2@bmm,4840,324,6392,6392,649,NULL,1061426,1061426,1061426,NULL,LIMIT,BUY,1,24,2018-08-17T05:00:08.497,2018-08-17T05:00:08.500
choice-moving,Surfer5@bmm,4843,324,6392,6392,647,NULL,1061427,1061427,1061427,NULL,LIMIT,BUY,1,0,2018-08-17T05:00:08.724,2018-08-17T05:00:08.727
choice-moving,Surfer6@bmm,4844,324,6392,6392,649,NULL,1061428,1061428,1061428,NULL,LIMIT,BUY,1,98,2018-08-17T05:00:09.238,2018-08-17T05:00:09.240
choice-moving,Surfer2@bmm,4840,324,6392,6392,649,NULL,1061429,1061429,1061429,NULL,LIMIT,BUY,1,24,2018-08-17T05:00:09.375,2018-08-17T05:00:09.378
choice-moving,Surfer14@bmm,4852,324,6392,6392,647,NULL,1061430,1061430,1061430,1061516,LIMIT,BUY,1,99,2018-08-17T05:00:14.846,2018-08-17T05:02:37.612
choice-moving,Surfer5@bmm,4843,324,6392,6392,646,NULL,1061431,1061431,1061431,NULL,LIMIT,BUY,1,0,2018-08-17T05:00:16.522,2018-08-17T05:00:16.524
choice-moving,Surfer10@bmm,4848,324,6392,6392,647,NULL,1061432,1061267,1061267,1061267,CANCEL,BUY,1,98,2018-08-17T05:00:20.805,2018-08-17T05:00:20.812
choice-moving,Surfer10@bmm,4848,324,6392,6392,647,NULL,1061433,1061433,1061433,1061536,LIMIT,BUY,1,99,2018-08-17T05:00:23.619,2018-08-17T05:03:05.189
choice-moving,Surfer2@bmm,4840,324,6392,6392,649,NULL,1061434,1061434,1061434,NULL,LIMIT,BUY,1,12,2018-08-17T05:00:25.767,2018-08-17T05:00:25.769
choice-moving,Surfer15@bmm,4853,324,6392,6392,646,NULL,1061435,1061435,1061435,1061515,LIMIT,BUY,1,99,2018-08-17T05:00:26.848,2018-08-17T05:02:36.079
choice-moving,Surfer2@bmm,4840,324,6392,6392,649,NULL,1061436,1061436,1061436,1061462,LIMIT,BUY,1,100,2018-08-17T05:00:32.374,2018-08-17T05:01:12.340
choice-moving,Surfer10@bmm,4848,324,6392,6392,648,NULL,1061437,1061397,1061397,1061397,CANCEL,BUY,1,90,2018-08-17T05:00:34.595,2018-08-17T05:00:34.601
choice-moving,Surfer5@bmm,4843,324,6392,6392,646,NULL,1061438,1061438,1061438,NULL,LIMIT,BUY,1,0,2018-08-17T05:00:37.035,2018-08-17T05:00:37.039
choice-moving,Surfer2@bmm,4840,324,6392,6392,648,NULL,1061439,1061439,1061439,1061452,LIMIT,BUY,1,100,2018-08-17T05:00:38.119,2018-08-17T05:00:48.771
choice-moving,Surfer10@bmm,4848,324,6392,6392,648,NULL,1061440,1061440,1061440,1061538,LIMIT,BUY,1,99,2018-08-17T05:00:38.789,2018-08-17T05:03:07.990
choice-moving,Surfer14@bmm,4852,324,6392,6392,649,NULL,1061441,1061441,1061441,1061444,LIMIT,BUY,1,99,2018-08-17T05:00:40.256,2018-08-17T05:00:43.489
choice-moving,Surfer15@bmm,4853,324,6392,6392,649,NULL,1061442,1061442,1061442,1061539,LIMIT,BUY,1,99,2018-08-17T05:00:40.732,2018-08-17T05:03:10.207
